2370 4028
444 513 533 580 VIII.

92 639 256 703 Donarem
277 641 405 723 pateras
429 643 583 724 grateque
606 640 805 724 commodus,

95 726 281 811 Censorine,
303 727 383 791 meis
407 749 480 792 aera
502 727 680 812 sodalibus,

94 815 255 879 Donarem
279 814 436 899 tripodas,
458 816 600 900 praemia
621 816 754 880 fortium

95 903 278 987 Graiorum,
300 924 403 987 neque
419 907 463 986 *tu
486 903 626 988 pessima
647 926 816 968 munerum

93 1079 221 1158 Ferres‚
245 1078 343 1144 divite
365 1101 418 1143 me
440 1078 565 1144 scilicet
587 1079 719 1163 artium,

94 1167 181 1244 Quas
204 1170 261 1230 aut
282 1165 472 1232 Parrhasius
493 1166 631 1252 protulit
653 1171 709 1231 aut
732 1165 865 1252 Scopas,

94 1255 159 1319 Hic
181 1276 272 1339 saxo,
293 1255 426 1340 liquidis
449 1254 504 1319 ille
527 1254 688 1320 coloribus

95 1342 215 1408 Sollers
237 1365 323 1408 nunc
343 1342 507 1408 hominem
529 1364 661 1428 ponere,
684 1365 770 1408 nunc
792 1343 894 1408 deum.

96 1518 159 1584 Sed
180 1541 246 1584 non
267 1518 346 1584 haec
368 1518 449 1583 mihi
471 1520 534 1602 vis,
556 1540 615 1583 nec
637 1519 698 1583 tibi
721 1519 835 1584 talium

93 1607 159 1671 Res
183 1611 232 1672 est
255 1612 310 1672 aut
333 1607 458 1671 animus
481 1606 666 1672 deliciarum
689 1628 793 1692 egens.

97 1695 224 1760 Gaudes
247 1695 455 1780 carminibus5
478 1695 619 1760 carmina
640 1716 811 1779 possumus

93 1783 222 1848 Donare
246 1787 279 1849 et
299 1783 439 1868 pretium
462 1783 565 1847 dicere
587 1783 720 1848 muneri.

94 1958 171 2024 Non
193 1959 293 2024 incisa
314 1959 402 2024 notis
424 1981 583 2024 marmora
604 1959 756 2044 publicis,

94 2047 157 2111 Per
180 2069 260 2132 quae
283 2047 416 2131 spiritus
438 2051 471 2112 et
492 2047 560 2112 rita
581 2048 665 2111 redit
688 2048 780 2112 bonis

94 2135 175 2200 Post
196 2140 333 2200 mortem
356 2135 504 2220 ducibus,
527 2135 606 2219 [non
630 2135 746 2200 celeres
769 2135 864 2220 fugae

93 2223 308 2307 Reiectaeque
329 2226 505 2288 retrorsum
526 2222 719 2288 Hannibalis
741 2224 859 2308 minae,

93 2311 171 2376 Non
192 2311 338 2377 incendia
361 2309 564 2396 Carthaginis
585 2312 691 2396 inpiae

93 2399 189 2483 Eius,
213 2400 268 2484 qui
291 2399 412 2464 domita
433 2421 550 2464 nomen
572 2401 611 2463 ab
635 2398 746 2464 Africa

94 2486 251 2552 Lucratus
273 2487 396 2570 rediit‚]
420 2486 536 2552 clarius
558 2487 702 2553 indicant

93 2574 219 2640 Laudes
242 2597 339 2659 quam
361 2573 512 2640 Calabrae
534 2575 677 2642 Pierides
699 2597 816 2660 neque,

95 2750 131 2816 Si
154 2751 282 2816 chartae
304 2751 420 2816 sileant
443 2752 528 2836 quod
550 2752 630 2818 bene
652 2753 779 2837 feceris,

93 2839 273 2908 Mercedem
296 2839 418 2905 tuleris.
460 2839 543 2917 Quid
565 2841 649 2906 foret
671 2839 749 2906 Iliae

93 2926 312 3012 Mavortisque
333 2950 426 3012 puer,
448 2928 477 2992 si
498 2929 701 2994 taciturnitas

94 3013 246 3080 Obstaret
267 3016 391 3081 meritis
413 3016 522 3080 invida
542 3016 695 3081 Romuli?

91 3164 250 3276 Ereptum
274 3191 397 3278 Stygiis
420 3192 571 3257 fluctibus
593 3190 735 3256 Aeacum

93 3279 206 3345 Virtus
230 3285 263 3346 et
284 3281 375 3346 favor
398 3283 432 3344 et
452 3280 564 3365 lingua
585 3280 767 3364 potentium

90 3367 213 3433 Vatum
237 3369 390 3433 divitibus
414 3372 578 3433 consecrat
600 3367 722 3433 insulis.

92 3455 847 3610 dsstutduttdffltlttttttffll
891 3497 893 3502 ’

972 1095 987 1144 5
