2370 4028
45 214 126 269 avr.
141 212 290 284 xxxva]
434 212 543 266 urana
559 212 579 268 1.

93 356 183 422 (laris
204 357 308 421 multa
330 356 506 441 sodalibus,

137 444 229 510 Nulli
251 445 345 530 plura
366 449 474 510 tamen
498 444 613 509 dividit
635 444 744 510 osoula

93 532 197 610 Quam
220 533 305 598 dulei
327 532 470 618 Lamiae,
492 554 616 597 memor

136 621 237 686 Actae
259 643 325 686 non
347 621 411 686 alio
434 642 509 706 rege
531 620 674 704 puertiae

93 771 300 855 Mutataeque
323 770 420 835 simul
442 774 545 855 togae.

139 858 252 924 Cressa
273 881 313 924 ne
336 862 442 924 eareat
463 858 598 943 pulohra
620 858 688 923 dies
710 862 800 943 nota,
979 873 1013 922 10

92 947 166 1013 Neu
188 951 355 1031 promptae
378 947 492 1011 modus
515 946 700 1032 amphorae,

137 1035 211 1100 Neu
234 1057 356 1100 morem
379 1035 413 1099 in
437 1033 559 1100 Salium
582 1035 626 1100 sit
648 1035 774 1119 requies
797 1034 928 1119 pedum,

92 1185 167 1252 Neu
191 1185 295 1249 desint
317 1184 420 1268 epulis
443 1205 534 1248 rosae

137 1273 211 1340 Neu
233 1273 329 1337 vivax
352 1273 460 1357 apium
482 1294 545 1336 neu
567 1271 663 1336 breve
685 1272 804 1358 lilium3

92 1362 162 1428 Neo
185 1361 280 1425 multi
301 1360 445 1425 Damalis
468 1361 549 1425 meri

138 1450 275 1514 Bassum
298 1449 433 1514 threicia
453 1449 562 1513 vineat
584 1448 750 1531 amystide.

95 1599 214 1666 Omnes
237 1600 272 1664 in
293 1598 444 1663 Damalin
466 1601 576 1681 putres

139 1689 310 1772 Deponent
332 1687 455 1771 oeulos,
477 1708 536 1751 nee
557 1685 702 1750 Damalis
725 1708 808 1752 novo

98 1777 275 1843 Divelletur
298 1775 456 1859 adultero,

138 1864 282 1930 Lascivis
304 1863 430 1929 hederis
454 1863 662 1928 ambitiosior.

431 2311 595 2377 XXXVII.

165 2436 262 2502 Nune
285 2440 335 2501 est
356 2435 544 2519 bibendum,
565 2456 651 2498 nuno
672 2434 752 2518 pede
774 2434 875 2499 libero

167 2524 329 2590 Pulsanda
351 2522 462 2606 tellus,
483 2545 569 2587 nuno
593 2521 769 2588 Saliaribus

212 2611 333 2677 Ornare
355 2611 504 2697 pulvinar
527 2611 658 2675 deorum

256 2700 396 2784 Tempus
420 2703 488 2764 erat
512 2699 660 2784 dapibus,
683 2697 816 2763 sodales.

167 2849 296 2915 Anthea
318 2850 407 2915 nefas
431 2849 615 2934 depromere
639 2846 819 2913 Caecubum
999 2864 1016 2912 5

169 2937 265 3003 (lellis
289 2938 398 3022 avitis,
421 2938 497 3002 dum
521 2935 679 3021 Capitolio

195 3026 337 3111 Regina
360 3027 520 3091 dementes
543 3026 665 3108 ruinas,

255 3114 366 3179 Funus
389 3118 421 3179 et
443 3113 577 3199 imperio
600 3111 734 3196 parabat

171 3263 393 3329 Contaminato
417 3285 489 3328 eum
512 3283 609 3347 grege
632 3263 775 3347 turpium

168 3352 283 3419 Morbo
305 3353 461 3436 virorum,
485 3351 643 3435 quidlibet
665 3351 812 3436 inpotens
983 3367 1016 3416 10

214 3440 347 3526 Sperare
369 3442 561 3523 fortunaque
584 3439 669 3504 dulei

238 3529 347 3595 Ebria.
390 3528 452 3595 sed
474 3527 592 3593 minuit
613 3527 755 3592 furorem
