2370 4028
99 211 162 276 102
503 208 699 265 cauum
922 206 982 280 [Ὺ111

97 371 131 419 30
257 352 384 437 Optabis
407 353 510 437 epulis
532 353 658 439 inpiger
678 350 854 437 Hercules,

257 441 385 506 Clarum
407 441 606 525 Tyndaridae
629 440 717 506 sidus
741 440 783 505 ab
806 441 925 506 infimis

255 529 394 606 Quessas
417 530 557 612 eripiunt
579 526 772 612 aequoribus
795 532 896 613 rates,

255 616 409 702 [Ornatus
431 617 526 682 viridi
548 620 694 700 tempora
715 616 887 701 pampino]

254 705 351 771 Liber
373 710 449 771 voda
470 704 571 769 bonos
595 704 682 769 ducib
705 703 746 768 ad
770 705 887 769 exitus.

519 916 677 928 —*

546 1071 652 1138 VHH.

254 1197 304 1264 Ne
326 1198 410 1262 forde
434 1196 542 1261 credas
565 1196 735 1260 interitura
756 1218 840 1281 quae

253 1285 364 1371 Longe
387 1288 554 1349 sonantem
576 1287 671 1348 natus
694 1283 735 1348 ad
755 1282 911 1350 Aufidum

297 1373 372 1439 Non
396 1376 469 1437 ante
492 1371 636 1457 volgatae
658 1394 716 1456 per
738 1375 825 1437 aries

342 1460 451 1526 Verba
472 1459 587 1545 loquor
609 1459 757 1525 socianda
780 1459 922 1525 chordis:

254 1610 343 1695 Nou,
365 1610 393 1674 si
416 1609 539 1692 priores
561 1607 726 1672 Maeonius
749 1612 840 1673 benet

255 1697 352 1764 Sedes
374 1697 547 1780 Homerus,
570 1695 755 1761 Pindaricae
777 1695 882 1762 labent

299 1785 441 1869 Ceaeque
465 1789 497 1850 e’c
519 1783 629 1849 Alcaei
651 1784 791 1848 minaces

342 1872 581 1957 Stesichorique
604 1892 716 1957 graves
740 1870 911 1958 Camenae3

252 2020 321 2086 Nec
343 2021 451 2106 siquid
473 2021 551 2086 olim
573 2021 652 2086 lusit
672 2020 843 2087 Anacreon

252 2109 381 2175 Delevit
403 2113 503 2194 aeta-15
527 2110 628 2193 spirat
650 2110 753 2174 adhuc
775 2131 867 2175 amor

297 2197 482 2281 Vivuntque
506 2198 656 2262 conmissi
679 2197 800 2263 calores

340 2285 471 2351 Aeoliae
493 2285 611 2350 fidibus
634 2285 767 2370 puellae.

251 2431 327 2498 Non
350 2433 419 2498 sola
442 2439 587 2517 comptos
610 2435 689 2498 arsit
711 2434 851 2500 adulteri

252 2519 363 2586 Orines
387 2524 419 2586 eb
442 2544 555 2586 aurum
578 2523 721 2588 vestibus
743 2522 867 2589 illitum

296 2608 413 2673 Mirata
435 2610 622 2694 regalesque
645 2610 748 2675 cultus

338 2697 384 2761 Ec
407 2698 539 2763 comites
561 2698 682 2786 Helene
703 2697 864 2784 Lacaena,

250 2845 417 2911 Primusve
440 2847 562 2913 Teucer
583 2847 648 2912 bela
671 2846 814 2930 Cydonio

250 2933 378 2998 Direxic
400 2956 488 3020 arcu3
510 2957 576 3001 non
599 2934 697 3000 semel
718 2932 801 3009 Ilios?

295 3020 431 3108 Vexaba3
454 3043 520 3087 non
541 3023 698 3108 pugnavit
719 3022 834 3107 ingens

337 3108 527 3175 Idomeneus
551 3110 760 3176 Sthenelusve
783 3110 875 3176 solus

249 3249 392 3315 Dicenda
413 3250 516 3316 Musis
538 3251 673 3337 proelia3
695 3272 760 3315 non
782 3249 877 3316 ferox

248 3337 370 3403 Hector
392 3339 443 3404 vel
466 3362 538 3404 acer
559 3339 747 3424 Deiphobus
770 3358 888 3423 graves

292 3425 429 3509 Excepit
449 3427 535 3492 ictus
557 3450 616 3512 pro
639 3426 764 3511 pudicis

339 3512 536 3598 Coniugibus
558 3516 729 3600 puerisque
751 3513 887 3599 primus.
