2370 4028
282 264 286 269 ·
339 241 428 298 VITA
448 241 478 308 Q.
493 242 631 298 HORATI
649 241 783 298 FLACOI.
996 244 1060 309 253

62 391 118 450 ius
148 410 244 469 usque
272 391 345 453 adeo
370 391 509 468 probavit
530 410 729 468 mansuraque
752 395 899 469 perpetuo
922 394 1060 470 opinatus

61 482 111 556 st,
133 483 243 541 utnon
255 479 343 541 modo
357 481 506 540 saeculare
521 499 639 539 carmen
653 480 878 556 conponendum
891 480 1060 558 iniunxerit,

63 568 106 627 ed
131 572 162 628 et
181 567 366 628 Vindelicum
382 568 539 628 victoriam
556 568 667 627 Tiberii
684 567 835 645 Drusique
856 568 1061 647 privignorum

61 675 180 718 nomm
201 657 430 726 mosomus,
453 674 580 732 eumque
604 656 733 734 coegerit
750 660 873 733 propter
890 657 946 718 hoc
963 657 1059 717 tribus

61 744 223 804 arminum
243 744 326 804 libris
350 762 386 803 ex
404 743 493 822 longo
511 744 669 805 interuallo
689 748 831 820 quartum
849 744 969 805 addere:
991 750 1060 822 post

61 851 206 893 ermones
228 851 298 893 vero
322 830 466 908 quosdam
488 833 579 893 lectos
602 831 718 891 nullam
742 833 789 892 sui
810 834 956 893 rationem
977 833 1059 892 habi-

61 938 121 980 am
147 921 193 979 ita
219 921 259 980 sit
287 923 423 997 questus:
450 915 549 980 ‘irasci
575 939 622 979 me
649 921 705 979 tibi
729 921 816 997 scito,
845 921 925 998 quod
946 941 1006 982 nou
1028 922 1060 980 iu

61 1008 208 1085 >larisque
226 1008 370 1069 eiusmodi
388 1008 506 1084 scriptis
523 1027 640 1068 mecum
652 1009 840 1085 potissimum
852 1008 992 1086 loquaris.
1021 1029 1060 1069 an

61 1095 180 1173 cereris,
207 1116 244 1155 ne
271 1095 352 1172 apud
377 1099 512 1172 posteros
538 1096 648 1174 infame
670 1096 727 1156 tibi
749 1097 800 1173 sit,
830 1096 910 1173 quod
931 1097 1058 1158 ridearis

61 1184 213 1244 mlieris
235 1183 319 1244 nobis
342 1179 438 1244 essei'
464 1185 665 1261 expressitque
688 1185 821 1263 eclogam
843 1185 947 1263 adse,
975 1187 1058 1246 cuius

61 1272 178 1332 uitium
200 1275 257 1332 est:

182 1403 246 1441 cum
262 1387 307 1441 tot
325 1386 464 1442 sustineas
483 1390 513 1443 et
530 1390 612 1442 tanta
629 1385 745 1456 negotia
763 1387 851 1458 solus,

180 1473 224 1512 rer
242 1456 329 1511 Italas
348 1456 432 1511 armis
449 1457 562 1527 tuteris,
581 1457 703 1513 moribus
723 1472 815 1527 ornes,

180 1527 292 1599 legibus
311 1527 454 1584 emendes:
472 1528 503 1582 iu
520 1528 634 1598 publica
651 1527 798 1582 commoda
835 1545 940 1600 eccam,

181 1597 207 1652 si
223 1598 309 1667 longo
327 1615 453 1654 sermone
470 1615 562 1653 morer
578 1601 629 1653 tua
646 1601 786 1667 tempora,
828 1615 915 1654 cesar.

61 1713 202 1775 Horatius
223 1711 330 1772 habitu
352 1713 482 1789 corporis
504 1712 564 1771 fuit
584 1711 681 1771 brevis
704 1715 795 1788 atque
818 1712 936 1789 obesus3
962 1716 1059 1792 qualis

61 1805 87 1862 et
109 1821 129 1861 a
151 1804 245 1861 semet
266 1801 331 1877 ipso
354 1800 386 1859 in
407 1800 518 1861 saturis
541 1799 720 1859 describitur
739 1804 770 1860 et
792 1799 829 1859 ab
847 1801 986 1880 Augusto
1004 1804 1059 1863 hac

61 1890 200 1968 epistula:
228 1883 365 1965 ‘pertulit
391 1888 430 1948 ad
456 1907 502 1947 me
527 1886 655 1964 Onysius
682 1888 818 1948 libellum
843 1892 942 1967 tuum,
971 1910 1059 1967 quem

61 1996 125 2058 ego,
153 1981 189 2037 ut
216 1977 290 2038 alios
318 1979 400 2053 ante,
428 1978 719 2053 quantuluscumque
747 1979 805 2053 est,
831 1977 902 2038 boni
928 1980 1058 2040 consulo.

61 2067 153 2127 vereri
184 2064 285 2125 autem
315 2065 388 2123 mihi
419 2064 539 2142 videris,
571 2083 609 2124 ne
640 2066 765 2139 maiores
797 2064 892 2124 libelli
923 2067 970 2126 tui
999 2068 1059 2127 sint

61 2173 149 2232 quam
170 2154 234 2230 ipse
257 2171 295 2213 es.
332 2152 383 2212 sed
405 2153 431 2213 si
452 2153 509 2213 tibi
531 2156 648 2213 statura
671 2153 747 2230 dest,
771 2154 979 2230 corpusculum
998 2176 1058 2216 non

61 2241 131 2304 dest.
175 2241 279 2317 itaque
305 2240 407 2301 licebit
432 2241 464 2300 in
490 2241 648 2303 sextariolo
675 2241 798 2301 scribas:
831 2261 890 2318 quo
918 2243 1057 2302 circuitus

61 2329 217 2395 reluminis
238 2330 286 2389 tui
308 2329 348 2389 sit
370 2326 626 2405 ὀγκωδέστατος,
650 2330 727 2389 sicut
750 2333 794 2390 est
816 2331 974 2390 ventriculi
991 2327 1058 2391 tui'

61 2421 92 2480 rd
120 2435 169 2479 res
195 2418 330 2477 venerias
354 2418 598 2494 intemperantior
620 2418 759 2477 traditur.
800 2418 875 2478 vixit
896 2418 1058 2495 plurimum

61 2529 84 2569 n
107 2523 227 2568 secessu
248 2499 397 2565 ruris'sui
419 2505 522 2565 Sabini
543 2509 598 2565 aut
620 2505 782 2579 Tiburtiui3
808 2506 971 2584 domusque
994 2509 1057 2568 eius

61 2595 225 2659 >stenditur
247 2594 325 2654 circa
347 2594 472 2653 Tiburni
493 2594 635 2653 luculum.
672 2597 880 2653 *sevenerunt
901 2595 933 2654 in
952 2615 1057 2656 manus

61 2702 137 2745 neas
165 2686 195 2742 et
222 2682 299 2760 elegi
326 2683 380 2741 sub
402 2683 493 2742 titulo
516 2682 579 2742 eius
602 2685 633 2742 et
655 2682 783 2758 epistula
805 2700 894 2759 prosa
916 2685 1057 2761 oratione,

61 2771 145 2851 quasi
167 2769 398 2832 commendantis
417 2786 447 2830 se
464 2771 642 2830 Maecenati:
665 2770 717 2830 sed
733 2773 862 2848 utraque
881 2771 956 2832 falsa
973 2775 1057 2849 puto.

61 2880 127 2921 ram
158 2858 235 2937 elegi
263 2858 413 2937 volgares,
443 2859 572 2935 epistula
601 2859 692 2919 etiam
723 2858 862 2920 obscura:
895 2879 954 2936 quo
983 2861 1057 2922 vitio

61 2948 177 3009 ninime
194 2946 359 3006 tenebatur.
388 2949 478 3007 natus
497 2949 542 3006 est
560 2949 642 3008 sexto
656 2947 722 3007 idus
736 2947 911 3008 Decembres
924 2948 958 3007 L.
969 2948 1058 3009 Cotta

61 3041 84 3097 rt
112 3035 147 3095 L.
166 3035 319 3111 Torquato
347 3035 523 3097 consulibus.
565 3035 688 3095 decessit
711 3036 816 3112 quinto
838 3036 897 3095 lral.
920 3037 1056 3097 Decemb.

61 3124 87 3186 3.
100 3123 214 3185 Marcio
233 3121 391 3185 Censorino
410 3124 441 3183 et
459 3121 489 3184 O.
503 3123 606 3184 Asinio
626 3122 711 3184 Gallo
731 3124 912 3201 consulibus,
931 3127 1056 3202 septimo

61 3217 85 3274 et
105 3212 352 3290 quinquagesimo
371 3230 461 3288 anuo,
479 3211 585 3270 herede
601 3212 740 3290 Augusto
758 3212 859 3289 palam
875 3218 1055 3290 nuncupato,

61 3318 124 3363 cum
145 3303 293 3378 urguente
314 3300 346 3360 ui
362 3298 541 3359 valetudinis
559 3318 619 3360 non
637 3299 785 3360 sufficeret
804 3300 842 3360 ad
860 3301 1056 3381 obsignandas

61 3387 376 3450 numennumen.
417 3388 552 3449 conditus
579 3391 625 3448 est
647 3389 784 3449 extremis
807 3390 950 3467 Esquiliis
972 3391 1056 3450 iuxta

61 3476 235 3540 daccanatis
256 3478 414 3537 tumulum.
