2370 4028
57 223 194 296 1.V1111.]
454 224 568 280 ciana.
951 227 1013 293 123

115 366 257 451 Hietque
280 367 384 451 turpis
407 367 492 432 inter
515 369 619 432 aridas
642 373 733 434 nates
997 387 1013 436 o

161 455 270 520 Podar
292 454 381 520 velut
403 455 519 520 crudae
541 457 647 521 borisl

117 542 180 608 Sed
202 544 316 609 incitat
337 565 389 608 ma
412 547 523 627 pectus
547 548 580 609 et
602 567 758 610 mammae
780 549 905 630 putres,

160 631 289 716 Equina
312 631 441 715 †qua10s
464 632 575 716 ubera,

116 718 300 804 Venterque
323 719 430 784 mollis
454 723 486 784 11
508 720 613 786 femur
634 721 834 785 tumentibus

160 806 254 872 Exile
277 807 361 872 suris
384 807 535 872 additum.
980 827 1013 874 10

114 895 198 960 Esto
221 897 327 980 beata,
350 896 447 960 funus
471 899 567 980 atque
590 896 747 982 imagines

159 983 287 1048 Ducant
309 983 521 1069 triumphales
544 988 645 1049 tuum.

115 1072 184 1137 Neo
207 1072 251 1136 sit
273 1072 402 1156 marita,
425 1094 506 1156 quae
527 1073 770 1137 rotundioribus

160 1158 285 1225 Onusta
306 1160 394 1224 bacis
417 1159 566 1225 ambulat.

118 1247 202 1325 Quid
226 1248 312 1332 quod
332 1248 436 1313 libelli
458 1247 552 1313 stoici
575 1248 659 1312 inter
681 1248 800 1315 sericos
980 1266 1012 1314 15

160 1334 267 1401 Iacere
289 1335 441 1421 pulvillos
464 1336 594 1401 amant?

115 1422 289 1488 Inlitterati
310 1447 388 1489 num
410 1425 513 1510 magis
536 1424 624 1489 nervi
647 1424 767 1510 rigant,

159 1511 307 1577 Minusve
329 1512 461 1597 languet
482 1512 662 1578 fascinum?

116 1598 208 1677 Quod
230 1604 268 1664 ut
290 1601 428 1685 superbo
450 1622 604 1685 provoces
627 1601 666 1665 ab
689 1599 835 1684 inguine,

160 1686 222 1754 Ore
245 1688 526 1754 adlaborandumst
548 1688 617 1753 tibi.
980 1706 1013 1754 20

457 2090 562 2157 VIIII.

93 2215 225 2293 Quando
248 2217 412 2298 repostum
436 2213 616 2280 Caecubum
640 2216 679 2281 ad
702 2216 800 2281 festas
824 2217 921 2300 dapes

136 2303 267 2368 Victore
288 2302 392 2367 laetus
415 2301 549 2368 Caesare

93 2391 212 2456 'lecum
234 2390 295 2456 sub
318 2389 445 2454 alta-
463 2391 510 2454 sic
532 2388 601 2455 Iovi
624 2395 754 2476 gratum
772 2391 944 2476 -domo,

136 2479 235 2544 Beate
257 2477 436 2562 Maecenas,
458 2479 566 2543 bibam

93 2566 233 2633 Sonante
255 2566 393 2630 mixtum
416 2567 505 2631 tibiis
528 2588 656 2631 carmen
678 2566 764 2650 lyra,
995 2585 1011 2633 ὁ

137 2655 207 2720 Hac
229 2654 378 2738 Dorium,
401 2654 466 2720 illis
488 2654 683 2719 barbarum?

92 2742 139 2809 Vt
161 2765 276 2827 nuper,
300 2746 390 2807 actus
412 2765 485 2807 cum
507 2743 591 2808 freto
613 2742 797 2827 Neptunius

136 2831 212 2896 Dux
233 2831 319 2916 fugit
341 2831 423 2895 ustis
446 2831 594 2915 navibus,
818 2905 821 2912 .

93 2919 235 2984 Minatus
258 2919 331 2984 urbi
353 2918 471 3002 vincla,
494 2941 575 3003 quae
597 2919 778 2983 detraxerat

138 3006 245 3074 Servis
268 3007 389 3072 amicus
410 3007 550 3091 perfidis.
980 3026 1012 3074 10

91 3096 256 3161 Romanus
278 3096 359 3161 eheu
377 3131 420 3142 -
442 3095 563 3179 posteri
585 3094 744 3181 negabitis
764 3132 806 3142 —

134 3184 364 3267 Emancipatus
386 3184 524 3248 feminae

90 3272 168 3337 Fert
189 3271 309 3337 vallum
332 3276 365 3336 11
387 3294 476 3336 arma
498 3271 590 3337 miles
613 3274 646 3336 at
669 3270 864 3356 spadonibus

138 3359 263 3426 Servire
285 3360 412 3445 rugosis
434 3363 554 3445 potest,

90 3448 242 3534 Interque
264 3448 358 3533 signa
379 3452 472 3532 turpe
494 3447 647 3513 militaria

137 3536 194 3603 Sol
216 3537 353 3621 adspicit
375 3537 554 3622 conopium.
