2370 4028
305 245 414 300 LIBER
431 246 451 300 1.
820 243 883 308 157

73 412 148 476 eges
172 389 337 455 consueris
360 389 486 473 tollere,
510 411 567 453 cur
588 410 653 452 non

73 501 126 543 'em
158 478 307 563 iugulas?
354 475 495 561 Operum
526 476 601 560 hoc,
632 475 714 539 mihi
737 476 851 592 crede,
903 490 938 541 35

566 567 735 629 tuorumst.

302 665 461 673 ——-

339 792 429 858 VHI.

73 940 120 982 :us
144 939 230 981 eram
253 916 404 1001 ficulnus,
428 917 541 982 inutile
563 916 701 1002 lignum,

77 1057 86 1090 ,
108 1007 248 1070 incertus
272 1027 437 1069 scamnum
459 1006 620 1069 faceretne
642 1005 808 1089 Priapum,

73 1094 213 1158 odeum.
254 1093 342 1157 Deus
365 1094 438 1158 inde
462 1115 536 1178 ego,
558 1094 667 1157 furum
691 1095 860 1176 aviumque

73 1182 193 1245 ›rmidoz
216 1203 291 1246 nam
312 1181 399 1246 fures
423 1182 536 1246 dextra
558 1181 705 1246 cohercet

73 1293 108 1334 ue
130 1270 227 1334 ruber
249 1273 414 1354 porrectus
436 1271 475 1333 ab
499 1270 630 1354 inguine
652 1269 758 1354 palus,
922 1282 939 1332 5

73 1380 154 1422 unas
176 1358 321 1422 volucres
344 1359 378 1422 in
400 1359 519 1422 vertice
543 1359 663 1421 arundo

73 1450 252 1529 ivetatque
274 1446 366 1510 novis
390 1447 552 1511 considere
575 1446 609 1509 in
630 1445 743 1509 hortis.

90 1535 235 1619 angustis
259 1535 358 1598 eiecta
381 1535 532 1598 cadavera
554 1533 642 1598 cellis

84 1623 142 1686 rili
164 1623 320 1705 portanda
342 1622 468 1686 locabat
490 1623 523 1685 in
546 1644 633 1706 arca3

74 1733 110 1774 ae
132 1710 218 1793 plebi
241 1711 347 1774 stabat
370 1732 536 1774 commune
560 1710 754 1794 sepulerum,
906 1725 939 1774 10

84 1820 210 1863 scurrae
231 1798 498 1881 Nomentanoque
520 1798 638 1881 nepoti.

73 1910 91 1951 s
114 1887 148 1950 in
170 1887 288 1970 fronte,
311 1890 469 1951 trecentos
493 1886 604 1970 cippus
627 1887 661 1950 in
685 1907 797 1970 agrum

73 2025 77 2052 ‚
99 1974 231 2038 heredes
254 1979 497 2039 monumentum
519 1996 560 2038 ne
582 1979 775 2057 sequeretur.

73 2086 77 2125 ι
97 2062 253 2146 Esquiliis
276 2062 421 2127 habitare
444 2062 626 2127 salubribus
650 2067 745 2146 atque

92 2151 198 2233 aprico
222 2151 367 2235 spatiari,
391 2173 454 2234 qua
475 2151 570 2214 modo
593 2150 703 2214 tristes
906 2165 939 2214 15

73 2261 170 2302 rmem
193 2240 379 2321 spectabant
401 2239 528 2303 ossibus
551 2259 678 2323 agrum3

91 2349 157 2390 non
179 2330 305 2390 tantum
327 2327 476 2410 furesque
498 2327 646 2411 feraeque
669 2331 777 2392 suetae

73 2437 116 2479 rre
137 2414 244 2479 locum
267 2437 360 2479 curae
383 2418 458 2478 sunt
481 2418 576 2497 atque
598 2415 715 2499 labori,

73 2503 263 2567 carminibus
287 2525 367 2586 quae
390 2505 519 2566 versant
541 2506 637 2586 atque
659 2503 790 2566 venenis

74 2591 205 2654 animos.
245 2589 313 2653 Has
336 2590 424 2654 nullo
447 2591 578 2674 perdere
601 2612 732 2673 possum
905 2606 939 2654 20

73 2680 144 2743 bere
165 2679 274 2762 modo,
297 2678 393 2742 simul
415 2701 451 2742 ac
473 2699 554 2763 vaga
575 2678 652 2743 luna
675 2678 826 2742 decorum

73 2789 97 2851 s,
121 2767 199 2850 quin
223 2789 294 2830 ossa
316 2766 426 2851 legant
447 2766 626 2851 herbasque
649 2769 806 2831 nocentes.

73 2860 111 2919 55
132 2855 226 2939 nigra
248 2855 440 2927 succinctam
463 2855 577 2919 vadere
600 2855 686 2938 palla

72 2943 206 3026 pedibus
229 2943 323 3007 nudis
345 2965 503 3026 passoque
526 2943 657 3026 capillo,

73 3053 114 3095 na
136 3031 272 3095 †maiore
295 3030 483 3094 ululantem:
506 3031 609 3114 pallor
631 3034 784 3114 utrasque
908 3046 941 3094 55

73 3120 210 3184 ›rrendas
234 3119 392 3202 adspectu.
434 3118 581 3202 Scalpere
604 3123 722 3182 terram
777 3160 780 3165 >

78 3211 111 3271 et
132 3207 254 3290 pullam
278 3206 426 3271 divellere
449 3207 609 3271 mordicus
633 3227 748 3291 agnam

73 3323 75 3373 ;
100 3318 194 3360 cruor
216 3297 250 3359 in
272 3295 391 3359 fossam
415 3294 579 3378 confusus,
602 3298 639 3358 ut
661 3295 753 3360 'finde

73 3384 207 3449 licerent
230 3385 352 3448 animas
374 3404 527 3466 responsa
550 3383 686 3447 daturas

73 3473 190 3557 effigies
214 3477 282 3537 erat
306 3471 406 3535 altera
428 3493 530 3535 cerea:
553 3471 655 3534 maior

73 3584 104 3626 ae
127 3561 239 3645 poenis
264 3564 467 3644 conpesceret
491 3559 687 3645 inferiorem;
