2370 4028
497 226 696 284 caasmrvn
912 226 1001 303 [xrn

246 374 309 439 Fas
332 378 365 439 et
386 374 497 438 beatae
522 372 667 458 coniugis
690 372 847 439 additum

249 462 359 528 Stellis
380 461 535 526 honorem
558 464 707 545 tectaque
731 460 877 528 Penthei

291 550 436 615 Disiecta
457 572 522 614 non
544 549 609 614 leni
631 549 728 613 ruina

337 638 470 703 Thracis
493 642 526 702 et
548 638 683 702 exitium
705 636 865 725 Lycurgi.

249 787 299 852 Tu
321 787 424 853 flectis
448 809 570 870 amnes,
593 790 629 851 tu
651 808 741 852 mare
764 787 949 873 barbarum,

250 877 300 941 Tu
323 876 477 960 separatis
499 874 615 939 uvidus
639 875 673 938 in
696 875 784 961 iugis

294 964 388 1030 Nodo
413 963 561 1028 coherces
584 963 728 1046 viperino

339 1051 545 1117 Bistonidum
569 1051 638 1116 sine
660 1051 773 1116 fraude
796 1053 912 1119 crines.

251 1201 314 1286 Tu,
337 1224 409 1266 cum
427 1201 569 1285 parentis
592 1221 692 1286 regna
712 1223 773 1284 per
795 1203 932 1269 arduum

252 1289 374 1354 Cohors
399 1288 573 1374 Gigantum
597 1288 764 1354 scanderet
785 1291 891 1377 inpia,

296 1378 458 1442 Rhoetum
480 1377 641 1442 retorsisti
662 1377 767 1442 lconis

341 1465 513 1551 Vnguibus
536 1465 748 1550 horribilique
771 1466 872 1555 mala3

253 1615 453 1700 Quamquam
477 1615 601 1680 choreis
624 1615 731 1700 aptior
752 1619 786 1680 et
809 1616 892 1682 iocis

252 1703 407 1787 Ludoque
431 1704 534 1769 dictus
557 1725 623 1768 non
644 1707 696 1767 sat
717 1702 854 1770 idoneus

298 1791 428 1876 Pugnae
450 1792 617 1876 ferebaris3
640 1790 804 1856 sedidem

341 1880 434 1945 Pacis
457 1902 526 1945 eras
549 1880 737 1964 mediusque
759 1879 848 1947 belli.

253 2029 299 2094 Te
321 2029 402 2094 vidit
424 2031 534 2094 insons
558 2027 714 2093 Cerberus
737 2051 836 2095 aureo

254 2117 360 2184 Cornu
384 2118 546 2201 decorum,
568 2116 683 2182 leniter
706 2120 848 2182 atterens

300 2205 452 2290 Caudem,
476 2210 509 2271 et
530 2205 707 2270 recedentis
730 2205 883 2292 trilingui

343 2291 405 2358 Ore
427 2294 523 2379 pedes
547 2294 719 2379 tetigitque
743 2315 846 2359 crura

568 2741 638 2806 XX.

205 2865 281 2932 Non
304 2866 424 2932 usitata
445 2886 503 2930 nec
526 2866 616 2930 tenui
638 2865 724 2930 ferar

206 2955 311 3020 Pinna
332 2953 479 3019 biformis
502 2953 741 3039 perliquidum
764 2953 897 3022 aethera

251 3042 365 3127 Vates,
387 3062 491 3126 neque
514 3041 665 3108 interris
688 3042 839 3107 morabor

294 3130 438 3216 Longius
461 3129 644 3215 invidiaque
666 3131 769 3195 maior

116 3299 132 3347 ὁ
208 3280 313 3347 Vrbes
335 3281 523 3365 relinquam.
565 3280 641 3345 Non
663 3301 737 3365 ego,
758 3302 941 3365 pauperum

209 3368 347 3455 Sanguis
369 3372 553 3454 parentum,
576 3391 641 3434 non
664 3389 738 3454 ego,
761 3370 879 3454 'squam
902 3393 999 3439 rocas

251 3457 376 3523 Dilecta
398 3456 580 3542 Maecenas,
604 3458 700 3522 obibo

295 3544 366 3611 Nec
389 3544 505 3631 Stygia
527 3545 700 3611 cohibebor
722 3545 816 3610 unda.
