2370 4028
499 217 696 272 caanmvu
932 219 1013 292 [nnn

545 395 650 461 XIIII.

226 520 253 587 Ο
276 522 381 605 navis,
403 521 543 586 referent
564 521 599 585 In
621 543 709 585 mare
732 523 764 585 te
786 521 865 586 novi

224 609 367 675 Fluctus.
410 608 436 674 Ο
460 609 538 693 quid
561 609 651 694 agis?
691 607 834 674 Fortiter
857 632 975 695 occupa

268 698 411 763 Portum.
451 696 567 762 Nonne
589 698 692 782 vides,
714 700 752 761 ut

311 785 444 851 Nudum
467 785 603 870 remigio
626 786 711 850 latus

224 927 270 991 Et
292 927 396 991 malus
420 926 515 991 celeri
538 926 665 991 saucius
687 925 799 992 Africo

224 1014 467 1099 Antemnaeque
491 1019 634 1100 gemant,
658 1037 694 1080 ac
717 1016 786 1080 sine
808 1016 942 1083 funibus

268 1103 334 1169 Vix
357 1104 470 1168 durare
494 1103 617 1167 carinae

312 1191 443 1256 Possint
465 1191 667 1274 imperiosius

224 1331 375 1417 Aequor?
415 1331 490 1398 Non
513 1332 575 1396 tibi
596 1335 672 1396 sunt
694 1332 820 1418 integra
841 1332 956 1416 lintea,

224 1420 300 1486 Non
323 1421 368 1505 di,
392 1442 472 1504 quos
495 1420 610 1484 iterum
633 1442 744 1504 pressa
766 1443 860 1486 voces
883 1423 979 1487 malo.

269 1507 421 1585 Quamvis
444 1507 578 1572 Pontica
599 1509 708 1594 pinus,

313 1595 418 1661 Silvae
440 1595 508 1660 filia
530 1596 661 1681 nobilis,

225 1736 329 1803 lactes
352 1742 385 1801 et
407 1758 508 1822 genus
531 1741 563 1801 et
585 1759 702 1801 nomen
725 1738 851 1803 inutile:

223 1825 282 1892 Nil
303 1825 398 1910 pictis
422 1825 553 1889 timidus
576 1825 684 1889 navita
705 1826 868 1910 puppibus

267 1913 363 1979 Fidit.
404 1912 466 1997 Tu,
488 1914 551 1978 nisi
573 1915 677 1978 ventis

310 2002 416 2066 Debes
438 2001 626 2086 ludibrium,
649 2024 732 2111 cave.

223 2142 336 2227 Nuper
358 2143 532 2208 sollicitum
556 2165 636 2227 quae
658 2104 739 2208 mihi
761 2144 918 2230 taedium,

222 2230 318 2297 Nunc
341 2231 532 2296 desiderium
555 2253 692 2316 curaque
715 2255 779 2297 non
801 2233 896 2317 levis,

268 2318 429 2384 Interfusa
450 2321 589 2385 nitentes

312 2406 404 2472 Vites
427 2430 565 2493 aequora
588 2407 749 2515 Cycladas.

515 2605 672 2613 ...Μ

560 2742 630 2807 XV.

192 2922 194 2927 .
223 2867 338 2932 Pastor
361 2890 434 2932 cum
456 2866 597 2931 traheret
619 2889 676 2950 per
698 2867 781 2931 freta
803 2868 939 2933 navibus

223 2954 327 3021 Idaeis
349 2956 494 3020 Helenen
515 2955 656 3039 perfidus
678 2954 853 3041 hospitam,

222 3042 353 3129 Ingrato
377 3044 494 3109 celeres
518 3043 625 3107 obruit
647 3044 713 3107 oti0

272 3131 408 3217 Ventos,
431 3136 467 3196 ut
491 3135 617 3196 caneret
638 3132 706 3196 fera

222 3272 347 3338 Nereus
369 3271 444 3337 fata.
483 3272 580 3336 ‘Mala
603 3273 691 3336 ducis
715 3273 766 3336 avi
789 3273 935 3359 domum,

223 3360 326 3437 Quam
349 3360 451 3425 multo
474 3364 598 3446 repetet
622 3359 754 3425 Graecia
776 3361 893 3446 milite,

224 3447 396 3513 Coniurata
418 3451 490 3514 tuas
514 3471 660 3532 rumpere
683 3450 812 3534 nuptias

269 3537 316 3601 Et
336 3557 471 3622 regnum
494 3536 614 3601 Priami
637 3542 736 3603 vetus.
