2370 4028
446 120 554 177 LIBER
570 121 595 176 1.

484 316 558 383 VIL

63 458 155 527 uque
179 442 251 507 dies
272 441 335 507 tibi
357 440 522 527 pollicitus
544 464 596 507 me
618 464 692 507 rure
714 442 861 506 futurum

63 529 164 595 tilam
186 534 296 595 totum
316 530 455 595 mendax
477 530 647 596 desideror.
688 529 791 615 Atqui

63 638 118 683 me
138 618 251 684 vivere
271 618 323 683 via
345 640 460 684 sanum
481 623 631 703 recteque
652 616 828 701 valentem,

63 726 114 771 am
134 706 220 771 mihi
243 706 300 771 das
322 728 433 793 aegro,
455 706 546 771 dabis
569 711 734 792 aegrotare
756 707 896 790 timenti,

63 814 191 879 menas,
212 794 355 880 veniam,
378 794 454 860 dum
475 795 556 860 fieus
578 796 684 879 prima
706 794 855 879 calorque

63 882 271 969 signatorem
293 883 423 949 decorat
443 883 613 949 lictoribus
636 883 728 967 atris,

63 990 102 1035 im
120 971 231 1056 pueris
253 972 359 1037 omnis
380 975 472 1056 pater
494 975 527 1036 et
548 971 723 1036 matercula
744 970 856 1055 pallet,

63 1054 230 1145 *dciosaque
252 1058 406 1125 sedulitas
429 1063 462 1124 et
485 1058 590 1144 opella
610 1059 747 1124 forensis

63 1142 154 1212 dducit
175 1146 283 1213 febres
304 1151 338 1212 et
360 1150 553 1213 testamenta
574 1147 725 1232 resignat.

63 1235 136 1301 uodsi
155 1235 274 1300 bruma
294 1235 386 1300 nives
407 1233 544 1300 Albanis
566 1235 681 1300 inlinet
704 1237 805 1321 agris,
1041 1249 1075 1298 10

63 1318 175 1390 dmare
197 1323 367 1389 descendet
387 1328 478 1389 vates
500 1328 576 1389 tuus
600 1329 633 1389 et
655 1324 717 1389 sibi
740 1328 850 1407 parcet

63 1415 270 1497 ulractusque
290 1411 390 1498 leget3
412 1415 459 1496 te,
483 1412 585 1477 dulcis
608 1413 721 1495 amice,
744 1413 863 1477 reviset

63 1516 99 1589 lm
118 1499 281 1585 zephyris,
304 1501 332 1565 si
355 1500 521 1584 concedes,
544 1505 576 1564 et
598 1500 769 1565 hirundine
791 1500 902 1583 prima.

63 1604 93 1652 ou
113 1610 176 1675 quc
199 1610 289 1653 more
310 1588 391 1673 piris
412 1588 499 1653 vesci
522 1586 655 1653 Calaber
678 1588 768 1653 iubet
789 1587 906 1672 hospes

63 1692 137 1742 ime
159 1675 267 1742 fecisti
288 1676 489 1760 locupletem.
530 1675 692 1760 ‘Vescere,
715 1678 829 1742 sodes.⁹
1042 1690 1074 1737 15

63 1780 99 1828 uu
114 1765 196 1831 satis
213 1764 284 1830 cst’
315 1763 372 1829 ‘At
389 1768 438 1850 tu,
462 1769 617 1849 quantum
635 1766 697 1849 vis,
715 1766 814 1829 tolle'
846 1765 1021 1850 ‘Benigne'.

63 1846 106 1916 'ou
124 1852 231 1917 invisa
250 1853 334 1918 feres
356 1852 464 1937 pueris
486 1853 676 1918 munuscula
698 1853 827 1938 parvis?

63 1959 110 2033 βω
130 1945 242 2006 teneor
264 1940 361 2026 dono,
385 1963 481 2026 quam
505 1942 533 2006 si
555 1942 700 2006 dimittar
722 1940 878 2005 onustus?

68 2028 188 2094 tlibet:
209 2028 289 2094 haec
311 2030 417 2113 porcis
439 2029 534 2095 hodie
558 2030 750 2095 comedenda
772 2029 954 2113 relinques?

63 2114 176 2203 :odigns
198 2121 231 2182 et
252 2117 372 2183 stultus
394 2118 492 2183 donat
514 2140 595 2203 quae
618 2119 741 2202 spernit
764 2123 796 2183 et
819 2118 900 2182 odit:
1042 2131 1075 2178 20

63 2222 108 2268 aec
127 2226 217 2292 seges
240 2207 385 2292 ingratos
408 2206 484 2271 tulit
507 2212 539 2271 et
560 2207 643 2271 feret
665 2207 814 2272 omnibus
838 2208 939 2272 annis.

63 2288 202 2360 irbonus
224 2298 258 2360 et
280 2295 407 2379 sapiens
430 2295 536 2379 dignis
559 2295 605 2359 ait
628 2317 696 2359 esse
719 2300 863 2380 paratus,

64 2398 93 2442 cc
109 2384 214 2447 tamen
236 2383 365 2468 ignorat
388 2383 465 2467 quid
488 2383 609 2448 distent
632 2405 705 2448 aera
727 2383 856 2466 lupinis.

63 2460 174 2552 lignum
196 2472 366 2555 praestabo
388 2493 440 2536 me
464 2472 560 2536 etiam
582 2493 641 2555 pro
664 2470 757 2535 laude
780 2471 955 2556 merentis]

63 2556 139 2622 uodsi
160 2582 212 2625 me
234 2558 324 2625 noles
346 2581 483 2644 usquam
506 2560 678 2643 discedere,
700 2560 813 2623 reddes
1042 2572 1076 2620 25

63 2645 116 2709 ode
134 2647 233 2732 latus,
255 2648 365 2733 nigros
389 2653 526 2734 angusta
547 2649 654 2713 fronte
677 2647 825 2731 capillos,

63 2728 142 2800 eddes
165 2735 257 2801 dulce
279 2736 384 2821 loqui,
408 2737 520 2801 reddes
543 2737 645 2801 ridere
669 2736 818 2800 decorum
842 2738 874 2799 et

63 2817 109 2883 iter
126 2824 202 2889 vina
223 2824 334 2910 fugam
358 2823 490 2890 Cinarae
513 2847 653 2890 maerere
675 2827 851 2909 protervae.

63 2909 114 2973 >rte
133 2934 191 2996 per
214 2916 384 2998 angustam
406 2914 512 2978 tenuis
534 2913 677 2978 nitedula
699 2913 814 2976 rimam

63 3005 172 3074 eperat
193 3000 229 3064 in
251 3022 412 3067 cumeram
434 3002 602 3086 frumenti,
624 3004 779 3085 pastaque
801 3021 913 3066 rursus
1044 3018 1077 3066 30

63 3083 174 3177 {foras
197 3090 292 3173 pleno
315 3090 466 3154 tendebat
489 3111 621 3173 corpore
642 3090 771 3153 frustra.

63 3178 236 3242 umustela
257 3178 371 3262 procul
393 3179 434 3244 ‘si
456 3178 516 3243 vis’
541 3178 587 3242 ait
610 3178 761 3262 ‘effugere
783 3176 893 3261 istinc,

63 3268 124 3329 *era
146 3288 259 3330 cavum
281 3271 407 3351 repetes
430 3270 550 3350 artum,
573 3287 668 3350 quem
690 3287 797 3330 macra
821 3266 958 3331 subisti?

63 3363 84 3407 b*
108 3375 167 3439 ego
191 3354 220 3418 si
242 3355 406 3439 conpellor
427 3355 580 3440 imagine,
603 3359 717 3419 cuncta
739 3354 880 3440 resigno:

64 3451 82 3497 θ
106 3464 255 3508 somnum
277 3442 381 3527 plebis
404 3444 499 3509 laudo
523 3447 613 3508 satur
636 3443 774 3508 altilium
798 3465 856 3508 nec
1044 3457 1077 3506 35
