2370 4028
147 241 213 306 210
521 240 779 298 EPISTVLARVM
1047 243 1122 317 [vn

92 401 128 451 45
146 384 216 451 Neo
238 407 289 451 me
312 384 454 449 dimittes
477 384 716 470 incastigatnm,
738 385 796 450 ubi
817 385 912 470 plura

148 473 386 560 Cogere-quam
408 473 487 538 satis
511 477 618 539 astae
640 494 705 538 non
728 495 851 539 cessare
873 474 1014 539 videbor.

145 560 288 646 Imperat
309 566 365 627 aut
387 561 487 627 servit
510 561 643 627 collecta
664 562 799 646 peounia
819 561 951 647 auique,

145 649 280 716 Tortum
303 650 400 734 digna
421 649 513 734 sequi
534 649 643 734 potius
666 671 762 734 quam
786 649 902 716 ducere
923 650 1039 716 funem

145 737 233 804 Haeo
255 738 316 803 tibi
338 738 498 803 dictabam
520 742 595 822 post
615 738 727 802 fanum
748 742 843 821 putre
866 737 1031 824 Vacunae,

93 842 127 892 50
144 825 289 910 Excepto
312 825 398 911 quod
420 847 485 891 non
508 825 605 890 simul
627 847 724 910 esses,
747 830 854 891 oetera
875 825 988 893 laetus.

620 1139 676 1207 XI.

145 1264 230 1343 Quid
251 1264 312 1329 tibi
333 1264 403 1328 visa
426 1262 536 1348 Chios,
558 1263 694 1348 Bullati,
716 1268 856 1347 notaque
878 1262 1013 1349 Lesbos,

67 1393 69 1399 ·
145 1352 229 1429 Quid
251 1352 406 1418 oonoinna
428 1350 553 1436 Samos,
577 1351 655 1436 quid
677 1349 787 1417 Groesi
808 1352 899 1437 regia
923 1351 1039 1436 Sardis,

143 1440 284 1524 Zmyrna
306 1440 383 1525 quid
405 1443 437 1505 et
460 1438 648 1523 Colophon?
670 1440 794 1504 maiora
814 1440 980 1506 minorare
1001 1438 1089 1504 fama?

145 1527 306 1594 Ounotane
327 1551 404 1612 prae
426 1549 537 1612 eampo
561 1531 594 1593 et
615 1527 765 1593 Tiberino
788 1528 921 1594 flumine
944 1529 1072 1612 sordent,

109 1634 124 1683 o
142 1616 197 1682 An
218 1617 307 1682 venit
329 1617 362 1681 in
385 1620 496 1681 votum
517 1614 668 1681 Attalicis
692 1639 732 1681 ex
753 1616 887 1682 urbibus
910 1639 987 1702 una,

141 1704 196 1770 An
217 1704 379 1770 Lebedum
401 1704 512 1769 laudas
535 1705 608 1770 odio
630 1705 729 1769 maris
752 1708 848 1789 atque
870 1705 1016 1770 viarum?

144 1792 238 1878 ‘Sois,
260 1792 406 1859 Lebedus
430 1792 506 1876 quid
530 1793 585 1857 sit:
610 1790 721 1858 Gabiis
743 1792 899 1858 desertior
922 1797 1016 1878 atque

141 1881 271 1948 Fidenis
294 1881 398 1966 vious;
421 1883 528 1946 tamen
550 1880 617 1945 illio
639 1882 746 1947 vivere
767 1881 883 1946 vellem

144 1967 334 2055 Oblitusq'ue
356 1991 501 2035 meorum
524 1969 757 2034 obliviscendus
781 1973 814 2033 et
835 1969 901 2034 illis

90 2075 124 2126 10
142 2058 330 2144 Neptunum
352 2057 465 2143 prooul
487 2080 504 2122 e
527 2061 613 2122 terra
635 2061 777 2142 spectare
799 2057 981 2123 furentem?

143 2146 206 2214 Sed
227 2168 344 2231 neque,
367 2147 423 2231 qui
446 2145 555 2230 Capua
576 2145 712 2214 Romam
733 2146 829 2230 petit,
852 2146 956 2212 imbre
977 2145 1092 2230 lutoque

141 2235 323 2320 Adspersus
345 2235 432 2300 volet
454 2235 488 2298 in
511 2256 654 2318 caupona
675 2234 795 2319 vivere,
817 2255 875 2300 neo
899 2234 955 2319 qui

141 2324 258 2408 Frigus
281 2321 424 2408 collegit,
446 2322 557 2388 furnos
580 2326 612 2387 et
633 2322 747 2387 balnea
767 2321 878 2387 laudat

142 2411 189 2477 Vt
209 2411 406 2476 fortunatam
427 2410 520 2495 plene
541 2411 738 2496 praestantia
758 2410 873 2496 vitam,

89 2515 123 2565 15
141 2498 223 2584 Neo,
246 2499 275 2565 si
296 2502 330 2564 te
351 2498 477 2565 validus
500 2499 665 2567 iactaverit
685 2498 806 2564 Auster
827 2500 862 2563 in
884 2498 966 2585 alto,

141 2586 264 2654 Idoireo
286 2587 394 2652 navim
416 2591 505 2652 trans
527 2587 691 2673 Aegaeum
713 2609 800 2652 mare
822 2586 952 2652 vendas.

141 2673 299 2741 Inoolumi
320 2675 452 2741 Rhodos
474 2680 506 2740 et
527 2675 682 2760 Mytilene
703 2675 839 2760 pulohra
859 2675 953 2759 faoit,
976 2674 1056 2760 quod

140 2762 282 2828 Paenula
304 2763 457 2847 solstitio,
480 2763 670 2848 [oampestre
692 2763 853 2829 nivalibus
876 2764 978 2849 auris,

141 2851 203 2916 Per
224 2851 370 2917 brumam
392 2851 545 2938 Tiberia]
570 2851 684 2917 Sextili
705 2874 814 2917 mense
838 2852 992 2917 oaminus.

88 2955 123 3006 ao
140 2939 228 3004 Dum
249 2939 325 3005 lioet
348 2961 384 3005 ao
405 2939 530 3004 voltum
553 2944 659 3005 servat
680 2939 825 3004 Fortuna
846 2939 1034 3025 benignum,

141 3026 263 3092 Romae
284 3026 432 3092 laudetur
455 3026 567 3093 Samos
590 3032 623 3093 et
646 3026 742 3093 Chios
766 3032 799 3093 et
818 3026 953 3093 Rhodos
976 3028 1085 3093 absens.

140 3114 190 3179 Tu
214 3136 446 3201 quemeumque
469 3115 546 3182 deus
570 3116 632 3180 tibi
653 3116 867 3181 fortunaverit
886 3115 1001 3181 horam

136 3201 241 3268 Grata
263 3224 352 3267 sume
374 3225 471 3268 manu
493 3218 556 3269 neu
580 3204 685 3269 duloia
708 3203 799 3269 differ
821 3204 856 3269 in
878 3226 1011 3289 annum,

140 3288 187 3356 Vt
210 3311 409 3375 quocumque
432 3291 503 3358 looo
526 3292 626 3357 fueris
648 3292 767 3357 vixisse
789 3292 927 3357 libenter

87 3396 121 3445 25
139 3378 185 3443 Te
209 3379 308 3442 dieas:
331 3401 406 3443 nam
429 3381 457 3444 si
479 3381 562 3446 ratio
585 3384 617 3445 et
639 3380 809 3465 prudentia
831 3401 938 3466 ouras,

139 3465 215 3532 Non
238 3467 327 3531 locus
351 3467 444 3532 effusi
465 3467 530 3534 late
553 3468 651 3533 maris
674 3469 793 3533 arbiter
816 3468 934 3552 aufert,

141 3553 284 3641 Caelum,
306 3576 372 3621 non
395 3555 536 3622 animum
553 3561 694 3642 mutant,
718 3557 773 3641 qui
791 3560 880 3624 trans
899 3578 987 3622 mare
1004 3545 1114 3621 currami
