2370 4028
91 173 112 239 6
499 173 696 228 clausurn
985 175 1050 248 [nu.

144 316 269 381 Pallida
286 316 374 381 Mors
398 338 499 401 aequo
523 317 631 401 pulsat
653 317 732 401 pede
755 339 934 401 pauperum
953 319 1050 384 taben

187 405 376 490 Regumque
400 409 512 470 turres.
555 403 582 469 Ο
606 406 698 470 beate
721 403 819 490 Sesti,

91 510 124 558 15
144 492 239 558 Vitae
256 516 381 558 summa
396 494 503 558 brevis
517 516 608 577 spem
621 515 680 558 nos
693 497 782 558 vetat
794 493 948 560 incohare
963 495 1050 582 longe

186 580 256 646 Iam
278 586 310 647 te
333 586 457 666 premet
479 603 543 646 nox
565 581 754 666 fabulaeque
777 580 889 646 Manes

142 731 187 795 Et
211 732 324 796 domus
348 733 441 797 exilis
463 732 627 816 Plutonia3
651 753 713 815 quo
737 731 834 797 simul
855 734 991 820 meanis,

185 819 255 885 Nee
277 841 376 905 regna
398 821 466 885 vini
488 821 621 885 sortiere
644 820 732 904 talis,

142 907 210 972 Nee
233 912 378 973 tenerum
397 908 540 992 Lycidan
563 908 731 992 mirabere,
755 929 818 992 quo
842 907 927 973 calet
951 911 1050 977 iuven

89 1011 123 1060 20
185 995 281 1061 Nune
304 997 407 1061 omnis
431 1000 464 1062 et
485 1018 562 1061 mox
583 997 724 1081 virgines
747 995 930 1080 †tepebunt.

513 1267 672 1275 Ἦ-

571 1470 611 1535 V.

220 1593 299 1671 Quis
321 1595 424 1659 multa
447 1595 576 1680 gracilis
598 1599 630 1659 te
653 1617 732 1679 puer
754 1595 788 1659 in
810 1617 884 1661 rosa

219 1682 372 1748 Perfusus
394 1683 526 1768 liquidis
549 1687 665 1768 urguet
688 1683 838 1749 odoribus

266 1770 378 1857 Grato,
401 1771 540 1858 Pyrrha!
563 1772 623 1836 sub
647 1771 760 1836 antro?

308 1859 368 1925 Oui
390 1861 506 1923 flavam
529 1859 647 1944 religas
671 1881 807 1943 comam,

221 2008 364 2093 Simplex
386 2008 575 2073 munditiis?
616 2008 689 2073 Heu
713 2009 861 2093 quotiens
883 2011 982 2078 fidem

218 2097 425 2180 Mutatosque
448 2097 523 2162 deos
546 2097 637 2161 flebit
660 2101 692 2162 et
716 2119 828 2180 aspera

262 2185 376 2270 Nigris
399 2207 537 2269 aequora
558 2186 664 2251 ventis

306 2273 507 2338 Emirabitur
528 2273 683 2358 insolens,

219 2423 281 2500 Qui
304 2444 388 2488 nune
411 2426 442 2487 te
464 2422 584 2488 fruitur
607 2424 754 2489 credulus
778 2449 885 2510 aurea,

220 2511 282 2590 Qui
305 2532 430 2595 semper
452 2533 598 2595 vacuam,
622 2534 746 2596 semper
769 2515 939 2580 amabilem

264 2598 390 2685 Sperat,
413 2599 539 2664 nescius
562 2622 656 2664 aurae

305 2687 450 2753 Fallacis.
491 2686 614 2772 Miseri,
639 2689 755 2772 quibus

218 2836 413 2921 Intemptata
434 2838 527 2902 nites.
568 2837 621 2902 Me
644 2839 754 2904 tabula
776 2863 864 2906 sacer

218 2924 337 2990 Votiva
358 2926 463 3009 paries
486 2926 607 2990 indicat
629 2929 725 2992 uvida

87 3030 120 3079 15
264 3011 473 3097 Suspendisse
495 3015 620 3098 potenti

305 3100 507 3168 Vestimenta
528 3103 626 3167 maris
650 3104 716 3169 dee.
