2370 4028
1117 39 1127 125 l

159 245 222 311 152
546 244 770 300 SATVRARVM
1045 233 1127 320 [aul

157 389 234 454 Bari
255 389 381 454 moenia
402 389 533 473 piscosi3
557 389 630 453 dein
653 387 769 454 Gnatia
789 388 932 474 lymphis

156 475 252 542 Iratis
275 481 436 542 exstructa
459 476 545 541 dedit
567 477 713 561 risusque
736 478 899 561 iocosque,

157 564 244 629 Dum
267 565 395 629 flamma
418 564 486 630 sine
509 568 582 628 tura
603 564 777 648 liquescere
799 565 911 629 limine
935 587 1024 630 sacro

89 670 139 719 100
156 653 350 718 Persuadere
374 653 470 737 cupit.
511 651 626 718 Credat
648 651 784 718 Iudaeus
807 652 938 737 Apella,

156 739 231 806 Non
254 761 326 825 ego:
348 763 485 824 namque
508 740 583 805 deos
606 740 703 805 didici
725 763 872 806 securum
895 761 990 826 agere
1013 764 1127 808 aem

156 828 238 912 Nec,
260 829 367 912 siquid
389 829 463 892 miri
485 828 582 892 faciat
604 833 730 913 natura,
754 830 829 895 deos
851 829 885 893 id

157 916 278 980 Tristes
302 917 428 980 exalto
452 916 530 980 caeli
554 916 719 981 demittere
742 921 836 982 tecto.

156 1003 362 1069 Brundisium
384 1004 499 1088 longae
522 1005 596 1069 finis
620 1004 810 1090 chartaeque
833 1005 1008 1089 viaequest

629 1318 685 1384 VI.

156 1440 231 1507 Non
254 1441 341 1524 quia,
363 1439 543 1527 Maecenas,
564 1441 728 1525 Lydorum
751 1441 906 1526 quidquid
928 1441 1089 1507 Etruscos

157 1528 296 1594 Incoluit
317 1530 410 1614 fines,
432 1551 525 1593 nemo
549 1531 732 1614 generosior
754 1534 803 1594 est
826 1533 872 1614 te,

156 1616 225 1682 Nec
249 1618 333 1700 quod
356 1639 432 1681 arus
455 1618 516 1681 tibi
538 1622 700 1682 maternus
723 1617 785 1681 fuit
807 1621 903 1702 atque
926 1622 1084 1702 paternus,

158 1702 243 1768 Olim
267 1706 322 1788 qui
344 1705 469 1789 magnis
491 1705 672 1789 legionibus
695 1706 927 1791 imperitarent,

123 1810 138 1858 5
157 1791 203 1856 Vt
225 1791 367 1876 plerique
391 1792 507 1876 solent,
529 1814 607 1857 naso
630 1794 796 1876 suspendis
819 1792 942 1858 adunco

156 1878 303 1964 Ignotos,
326 1884 363 1944 ut
384 1902 435 1944 me
457 1879 607 1944 libertino
630 1885 721 1964 patre
743 1884 861 1944 natum.

158 1967 238 2032 Cum
261 1968 377 2032 referre
400 1989 512 2052 negas,
535 1968 622 2052 quali
645 1968 688 2032 sit
712 1969 846 2051 quisque
868 1972 999 2051 parente

156 2054 275 2140 Natus,
299 2057 374 2119 dum
397 2057 568 2139 ingenuus,
590 2056 760 2140 persuades
783 2055 844 2120 hoc
866 2056 929 2120 tibi
951 2077 1033 2141 vere,

156 2141 241 2207 Ante
263 2147 456 2227 potestatem
479 2143 565 2207 Tulli
589 2148 683 2227 atque
705 2143 846 2228 ignobile
869 2164 1003 2228 regnum

106 2248 138 2296 10
156 2230 277 2295 Multos
302 2253 394 2313 saepe
416 2231 501 2295 viros
524 2231 622 2295 nullis
644 2231 818 2294 maioribus
842 2235 930 2295 ortos

155 2319 200 2382 ut
223 2318 340 2381 vixisse
363 2318 494 2402 probos,
517 2319 632 2401 amplis
655 2323 687 2383 et
708 2317 882 2383 honoribus
906 2323 1027 2402 auctos3

157 2405 276 2470 Contra
297 2404 485 2490 Laevinum,
508 2405 617 2470 Valeri
640 2427 752 2490 genus,
775 2406 858 2471 unde
882 2405 1041 2490 Superbus

156 2493 349 2577 Tarquinius
371 2514 470 2577 regno
493 2494 605 2577 pulsus
627 2494 725 2578 fugit,
747 2495 843 2558 unius
866 2495 947 2558 assis

155 2581 230 2644 Non
252 2603 405 2664 umquam
427 2581 531 2665 pretio
554 2582 655 2666 pluris
677 2582 821 2666 licuisse,
843 2585 977 2646 notante

105 2667 279 2752 151udice,
302 2690 365 2752 quo
388 2669 487 2752 nosti,
509 2669 643 2752 populo,
666 2670 721 2752 qui
743 2670 861 2733 stultus
883 2669 1020 2734 honores
1109 2667 1112 2683 ยน

158 2755 257 2840 Saepe
280 2757 335 2820 dat
357 2757 497 2840 indignis
521 2761 553 2820 et
574 2757 677 2820 famae
700 2758 799 2821 servit
821 2757 963 2842 ineptus,

158 2843 220 2920 Qui
243 2847 351 2927 stupet
374 2845 407 2908 in
430 2843 533 2907 titulis
557 2848 588 2909 et
611 2845 813 2928 imaginibus.
854 2843 939 2920 Quid
962 2841 1074 2927 oportet

156 2930 225 2997 Nos
247 2932 350 2996 facere
374 2954 393 2995 a
414 2932 509 3016 volgo
532 2931 627 3016 longe
649 2932 808 3016 longeque
829 2931 991 2998 remotos?

156 3020 303 3103 Namque
327 3023 409 3103 esto,
431 3019 569 3103 populus
591 3019 729 3083 Laevino
752 3020 863 3084 mallet
884 3020 1036 3084 honorem

104 3123 137 3172 20
158 3107 260 3184 Quam
282 3106 380 3172 Decio
403 3108 552 3172 mandare
575 3129 671 3191 novo,
694 3129 868 3192 censorque
890 3109 1032 3173 moveret

157 3194 296 3278 Appius,
319 3196 458 3279 ingenuo
482 3195 597 3259 sinon
620 3217 722 3261 essem
745 3200 835 3278 patre
858 3200 966 3281 natus3

157 3283 218 3348 Vel
240 3282 368 3366 merito,
392 3283 543 3365 quoniam
566 3283 599 3346 in
621 3283 752 3367 propria
773 3305 839 3348 non
861 3284 945 3367 pelle
969 3282 1109 3366 quiessen-

158 3369 219 3435 Sed
242 3370 385 3453 fulgente
408 3371 507 3434 trahit
530 3372 719 3436 constrictos
744 3369 854 3436 Gloria
876 3393 971 3436 curru

156 3457 232 3524 Non
254 3458 360 3520 minus
383 3457 511 3542 ignotos
534 3459 705 3543 generosis.
747 3458 816 3535 Quo
838 3459 913 3544 tibi,
936 3458 1024 3543 uini,

104 3562 138 3611 25
158 3545 289 3612 Sumere
312 3545 492 3629 depositum
516 3547 640 3612 clavum
662 3547 795 3630 fierique
819 3547 971 3612 tribuno?
