2370 4028
87 199 130 262 ro
492 199 689 255 cremum
911 201 1002 276 [xm

166 339 235 406 Vos
258 340 376 424 Tempe
399 342 534 406 totidem
557 343 662 408 tollite
684 343 832 408 laudibus

89 446 122 495 10
166 428 392 515 Natalemque,
413 452 531 516 mares,
552 430 658 496 Delon
675 431 850 517 Apollinis,

210 516 437 603 insignemque
459 518 609 603 pharetra

253 605 470 691 Fraternaque
492 609 656 671 †umerum
677 607 756 690 lyra.

166 755 254 820 Haec
276 756 397 820 bellum
418 756 637 840 lacrimosum,
659 756 714 821 hic
735 758 887 822 miseram
909 759 1002 824 famen

166 843 357 927 Pestemque
380 866 399 907 a
419 844 539 928 populo
562 848 594 909 et
615 845 759 929 principe
783 844 919 912 Caesare
940 849 972 912 in

89 947 121 996 15
210 932 324 997 Persas
348 936 443 1015 atque
465 933 638 996 Britannos

254 1019 371 1085 Vestra
393 1024 500 1085 motus
525 1025 599 1106 aget
619 1042 720 1104 prece.

511 1268 669 1276 ———

539 1456 642 1522 XXII.

244 1581 374 1668 Integer
395 1583 480 1646 vitae
503 1582 693 1666 scelerisque
716 1605 816 1668 purus

245 1671 321 1737 Non
344 1674 417 1756 eget
438 1669 561 1735 Mauris
584 1670 696 1735 iaculis
718 1694 821 1755 neque
845 1693 922 1737 arcu

245 1759 314 1825 Nec
335 1759 500 1823 venenatis
523 1759 654 1843 gravida
677 1760 818 1845 sagittis,

297 1845 411 1931 lusce,
432 1846 594 1932 pharetra,

246 1995 320 2061 Sive
342 2017 399 2079 per
422 1993 532 2078 Syrtes
555 1997 616 2061 iter
638 1999 801 2061 aestuosas

247 2082 321 2148 Sive
343 2083 486 2148 facturus
508 2105 565 2167 per
586 2083 812 2168 inhospitalem

246 2171 421 2236 Caucasum
443 2170 495 2235 vel
517 2192 597 2255 quac
619 2171 689 2237 loca
710 2172 876 2239 fabulosus

297 2258 427 2324 Lambit
447 2259 624 2344 Hydaspes.

244 2408 392 2492 Namque
415 2430 466 2473 me
489 2408 570 2473 silva
591 2408 686 2494 lupus
709 2411 743 2474 in
767 2409 898 2495 Sabina,

245 2496 332 2562 Dum
354 2518 457 2561 meam
480 2501 573 2562 canto
594 2497 734 2583 Lalagen
757 2502 790 2564 et
811 2498 897 2564 ultra

245 2584 430 2650 'ferminum
454 2587 538 2651 curis
560 2607 659 2670 vagor
681 2587 850 2672 expeditis,

296 2673 395 2759 Fugit
416 2675 582 2758 inermem3

245 2824 346 2902 Quale
367 2827 677 2908 portentumneque
698 2823 848 2888 militaris

243 2912 386 2977 Daunias
408 2910 484 2976 latis
506 2911 564 2975 alit
587 2912 754 2977 aesculetis

244 3001 313 3067 Nec
334 2998 433 3065 Iubae
455 2999 550 3064 tellus
574 3003 717 3084 generat,
739 2999 868 3065 leonum

296 3087 397 3153 Arida
418 3087 536 3152 nutrix.

243 3238 332 3303 Pone
353 3259 405 3302 me
427 3238 528 3323 pigris
550 3238 606 3302 ubi
628 3237 717 3302 nulla
739 3239 858 3323 campis

204 3362 208 3367 ·
244 3325 351 3391 Arbor
374 3327 494 3390 aestiva
514 3330 674 3391 recreatur
696 3347 786 3410 aura,

245 3414 337 3492 Quod
358 3412 443 3478 latus
465 3415 576 3479 mundi
597 3413 731 3479 nebulae
753 3414 920 3500 malusque

296 3501 441 3587 Iuppiter
462 3507 590 3588 urguet3
