2386 4020
144 229 211 294 200
519 227 776 282 EPISTVLARVM
1040 224 1117 299 [Illll

93 389 126 438 60
144 371 304 437 Infectum
326 371 413 436 volet
436 392 518 455 esse,
542 370 632 435 dolor
655 370 741 454 quod
764 370 901 435 suaserit
923 374 956 435 et
978 393 1069 455 mens,

145 460 245 545 [Dum
267 481 385 544 poenas
410 458 483 524 odio
505 458 651 543 pervim
673 458 805 523 festinat
828 458 956 543 inulto]

144 547 197 612 Ira
218 549 308 613 furor
331 547 438 613 brevis
461 551 522 612 est:
545 547 686 611 animum
709 567 797 632 rege3
821 547 877 631 qui
899 547 963 612 nisi
984 550 1074 631 paret,

144 635 297 722 Imperat3
318 635 406 702 hunc
427 635 540 720 frenis,
562 635 648 700 hunc
670 639 707 699 tu
730 655 885 718 conpesce
907 639 1023 700 catena

143 723 255 809 Fingit
276 746 394 809 equum
416 729 526 789 tenera
548 723 683 788 docilem
701 720 823 788 cervice
845 723 1000 809 magister

93 829 126 878 oo
144 811 196 878 Ire
218 813 302 877 viam
326 834 389 897 qua
410 815 568 877 monstret
589 832 700 896 eques3
721 810 902 895 venaticus,
923 834 964 877 ex
986 833 1043 896 quo

144 901 300 986 Tempore
323 901 483 966 cervinam
505 899 621 983 pellem
643 899 774 963 latravit
796 899 831 964 in
853 899 943 984 aula,

144 988 265 1053 Militat
287 990 321 1052 in
344 988 433 1053 silvis
457 987 590 1052 catulus.
630 986 726 1054 Nunc
748 987 863 1052 adbibe
885 1009 967 1073 puro

143 1077 277 1142 Pectore
298 1098 385 1160 vera,
407 1097 500 1160 puer,
522 1079 661 1141 nuncto
682 1075 870 1141 melioribus
893 1076 981 1140 offer.

97 1218 99 1222 Α
145 1163 215 1241 Quo
238 1164 336 1230 semel
359 1168 408 1229 est
430 1163 555 1228 imbuta
576 1185 686 1229 recens
708 1164 849 1229 servabit
872 1163 1001 1229 odorem

93 1268 126 1317 ἰο
144 1252 241 1317 Testa
263 1252 326 1316 diu.
367 1250 488 1329 Quodsi
511 1273 615 1317 cessas
639 1255 695 1316 aut
717 1256 866 1317 strenuus
890 1253 988 1336 antis,

143 1340 212 1406 Nec
235 1340 362 1405 tardum
385 1341 533 1424 opperior
554 1361 613 1405 nec
633 1339 895 1424 praecedentibus
918 1340 1009 1405 insto.

618 1655 675 1720 ΠΙ.

144 1778 207 1845 Iuli
228 1779 336 1865 Flore,
358 1780 475 1865 quibus
497 1784 655 1844 terrarum
677 1780 796 1846 militet
818 1781 883 1846 oris

145 1867 295 1934 Claudius
317 1868 459 1955 Augusti
481 1868 662 1952 privignus,
685 1869 766 1934 scire
789 1869 909 1934 laboro.

144 1956 306 2022 Thracane
328 1979 386 2022 vos
408 1954 599 2040 Hebrusque
621 1956 720 2021 nivali
743 1957 894 2040 compede
915 1956 1037 2022 vinctus

144 2043 197 2108 An
219 2045 302 2110 freta
323 2045 443 2110 vicinas
466 2044 550 2108 inter
572 2045 732 2109 currentia
753 2048 858 2110 turres

111 2147 126 2196 5
144 2132 197 2197 An
219 2135 355 2218 pingues
377 2131 473 2197 Asiae
497 2132 601 2216 campi
623 2133 782 2217 collesque
804 2133 992 2198 morantur?

146 2220 229 2298 Quid
252 2221 395 2285 studiosa
413 2220 526 2285 cohors
546 2242 677 2305 operum
696 2221 814 2285 struit?
836 2221 899 2287 hoc
917 2241 1039 2306 quoque
1053 2227 1112 2281 curo·

146 2307 224 2385 Quis
248 2309 311 2374 sibi
333 2331 384 2373 res
406 2311 513 2393 gestas
535 2307 677 2394 Augusti
699 2309 837 2374 scribere
860 2309 981 2374 sumit?

144 2396 235 2461 Bella
258 2397 329 2480 quis
352 2400 385 2461 et
406 2418 500 2480 paces
521 2396 655 2482 longum
679 2397 829 2462 diffundit
850 2398 885 2462 in
908 2395 1037 2463 aevum?

146 2483 229 2561 Quid
251 2484 356 2549 Titius
378 2484 523 2549 Romana
544 2484 635 2549 brevi
656 2489 809 2550 venturus
832 2486 867 2549 in
889 2485 967 2551 ora?

94 2588 126 2637 10
144 2572 304 2646 Pindarici
326 2573 427 2638 fontis
450 2574 506 2656 qui
528 2595 593 2638 non
616 2574 771 2657 expalluit
792 2573 942 2659 haustus,

144 2660 303 2726 Fastidire
325 2662 414 2726 lacus
437 2665 469 2726 et
491 2662 577 2726 rivos
601 2684 697 2726 ausus
721 2665 855 2745 apertos.

144 2748 191 2813 Vt
213 2748 319 2815 valet?
341 2754 379 2814 ut
401 2750 547 2813 meminit
569 2750 692 2814 nostri?
732 2749 907 2814 Fidibusne
929 2748 1049 2814 Latinis

144 2837 313 2903 Thebanos
336 2842 445 2923 aptare
467 2838 579 2902 modos
602 2838 709 2903 studet
731 2838 859 2922 auspice
881 2837 988 2923 Musa,

144 2925 197 2989 An
220 2926 342 3011 tragica
365 2927 505 2991 desaevit
528 2930 561 2991 et
583 2926 778 3009 ampullatur
799 2927 834 2990 in
856 2927 946 2992 arte?
1155 2994 1157 3007 ,

94 3029 126 3079 15
146 3014 230 3090 Quid
248 3015 328 3078 mihi
343 3014 453 3080 Celsus
473 3014 562 3099 agit?
580 3016 721 3079 monitus
739 3014 941 3099 multumque
960 3008 1124 3084 monendus,

145 3102 290 3167 Privatos
312 3107 351 3168 ut
373 3107 504 3186 quaerat
527 3124 603 3186 opes
626 3107 658 3168 et
677 3107 807 3188 tangere
830 3103 911 3168 vitet

146 3189 285 3274 Scripta,
306 3190 472 3255 Palatinus
495 3212 712 3276 quaecumque
734 3191 855 3275 recepit
876 3190 1009 3276 Apollo,

144 3277 208 3362 Ne,
232 3279 259 3342 si
281 3278 364 3344 forte
387 3302 461 3344 suas
484 3279 655 3363 repetitum
677 3279 801 3344 venerit
823 3279 899 3344 olim

146 3364 232 3431 Grex
255 3366 361 3431 avium
384 3367 523 3452 plumas,
545 3372 672 3433 moveat
695 3367 856 3432 cornicula
877 3368 979 3432 risum

92 3469 128 3521 to
145 3453 288 3519 Furtivis
310 3454 430 3519 nudata
452 3455 621 3520 coloribus.
662 3453 736 3539 Ipse
759 3455 837 3540 quid
859 3456 979 3520 audes?

147 3541 234 3621 Quae
257 3543 494 3608 circumvolitas
518 3543 611 3629 agilis
634 3543 766 3628 thyma?
806 3542 883 3610 Non
904 3543 967 3609 tibi
990 3565 1121 3629 parvum
