2386 4020
94 238 144 315 nn]
226 212 229 217 ’
629 284 635 297 .
1001 241 1062 305 147

94 380 155 469 llon,
173 388 209 450 ut
229 384 259 450 si
280 384 387 450 solvas
410 384 592 468 ‘postquam
614 382 783 447 Discordia
804 386 907 448 taetra
1082 400 1115 449 60

93 468 152 537 belli
168 472 303 539 ferratos
325 475 628 557 postes-portasque
650 470 808 555 refregit,'

93 554 209 626 Invenias
230 561 329 626 etiam
351 560 476 625 disiecti
498 560 642 624 membra
663 562 784 643 poetae.

93 643 239 798 ffeelanus
260 648 352 714 haec:
375 647 467 732 alias,
488 648 609 711 iustum
632 647 675 711 sit
697 668 795 712 necne
817 646 956 732 poema3]

115 756 161 801 une
179 736 260 802 illud
280 739 407 801 tantum
430 757 595 819 quaeram,
617 735 772 799 meritone
795 734 856 798 tibi
878 735 923 799 sit

95 816 253 908 Suspectum
275 846 376 910 genus
398 823 460 888 hoc
482 822 648 888 scribendi.
689 821 816 887 Sulcius
838 845 910 887 acer
1080 838 1113 887 65

93 905 217 979 lnbulat
238 916 272 978 et
294 910 441 996 Oaprius,
462 911 550 976 rauci
572 910 655 975 male
678 932 813 994 cumque
835 909 966 994 libellis,

93 992 199 1084 llegnus
219 1004 356 1084 uterque
377 999 476 1063 timor
496 999 689 1083 latronibus3
712 1002 746 1062 at
767 999 847 1063 bene
869 998 969 1082 siquis

93 1080 123 1148 lt
136 1089 215 1154 vivat
235 1088 327 1173 puris
348 1088 509 1171 manibus,
531 1090 714 1152 contemnat
734 1090 915 1171 utrumque.

93 1167 124 1236 lt
138 1176 176 1241 sis
195 1180 234 1241 tu
256 1175 371 1240 similis
395 1173 481 1240 Oceli
502 1174 651 1258 Birrique
672 1174 848 1258 latronum,

93 1254 144 1327 llon
161 1285 217 1351 ego
240 1286 313 1329 sum
335 1261 430 1346 Capri
452 1284 554 1346 neque
577 1260 678 1327 Sulci:
701 1283 757 1327 eur
778 1267 903 1328 metuas
924 1262 997 1326 me?
1079 1278 1112 1326 70

52 1402 55 1407 .
93 1342 164 1416 llnlla
182 1353 315 1417 taberna
335 1372 424 1416 meos
445 1350 562 1416 habeat
583 1371 686 1433 neque
708 1350 775 1434 pila
795 1350 936 1435 libellos,

94 1431 148 1510 lule
165 1462 276 1505 manus
298 1440 426 1504 insudet
447 1438 537 1523 vulgi
558 1436 834 1522 Hermogenisque
856 1438 985 1524 Tigelli3

93 1517 139 1590 llec
155 1529 250 1594 recito
273 1527 422 1611 cuiquam
443 1527 507 1591 nisi
529 1526 640 1590 amicis
662 1526 758 1609 idque
781 1532 922 1611 coactus,

93 1606 144 1679 Non
161 1616 264 1681 ubivis
286 1637 432 1681 coramve
455 1613 660 1698 quibuslibet.
700 1612 739 1678 ln
760 1614 865 1678 medio
889 1615 945 1698 qui

94 1692 189 1787 tripu
208 1704 280 1769 foro
302 1703 449 1786 recitent,
472 1705 548 1767 sunt
568 1701 676 1785 multi,
699 1702 817 1785 quique
838 1701 994 1767 lavantes:
1080 1717 1112 1766 75

94 1780 168 1856 luere
186 1792 277 1857 locus
299 1791 371 1856 voci
392 1795 521 1856 resonat
543 1788 718 1854 conclusus.
759 1787 873 1854 lnanes

93 1868 141 1942 lloe
157 1879 256 1964 iurat,
278 1879 365 1943 haud
386 1878 467 1943 illud
489 1881 689 1961 quaerentes,
710 1899 788 1941 num
811 1878 880 1942 sine
903 1900 1011 1962 sensu,

93 1956 216 2050 Tempore
238 1989 317 2032 num
331 1966 458 2031 -faeiene
480 1966 592 2030 alieno.
633 1964 782 2031 ‘Laedere
805 1966 944 2050 gaudes,'

93 2042 185 2140 lnquit,
206 2056 251 2121 ‘et
272 2055 335 2119 hoc
357 2054 463 2119 studio
486 2074 602 2137 pravus
624 2053 724 2117 facis!
764 2052 856 2117 Vnde
878 2054 1016 2137 petitum

93 2130 140 2205 lloe
157 2143 188 2207 in
208 2165 261 2208 me
283 2142 382 2207 iacis?
422 2141 484 2206 Est
506 2145 617 2205 euotor
639 2142 711 2224 quis
734 2141 870 2225 denique
893 2163 1015 2225 eorum,
1078 2158 1112 2206 80

93 2217 145 2294 lixi
163 2253 234 2296 eum
257 2230 395 2314 quibus?
434 2228 611 2294 Absentem
634 2229 689 2312 qui
711 2230 797 2294 rodit
819 2230 968 2313 amicum,

94 2307 135 2386 lli
150 2340 209 2384 nou
232 2318 374 2384 defendit
397 2316 459 2381 alio
483 2316 643 2401 culpante,
667 2316 789 2382 solutos

93 2394 134 2474 lul
151 2411 253 2492 captat
274 2407 359 2471 risus
379 2405 546 2469 hominum
568 2406 748 2488 famamque
772 2405 901 2490 dicacis,

92 2480 196 2579 lingere
218 2494 275 2579 qui
295 2516 361 2560 non
382 2494 452 2559 visa
473 2497 593 2577 potest,
616 2492 774 2557 comissa
795 2496 899 2558 tacere

93 2570 134 2650 lul
150 2584 270 2668 nequit:
291 2582 345 2648 hic
366 2581 458 2667 niger
480 2585 542 2665 est,
563 2581 649 2645 hunc
671 2585 723 2664 tu,
745 2580 901 2665 Romane,
924 2583 1042 2646 caveto.
1079 2598 1112 2647 85

93 2656 164 2753 &epe
184 2672 288 2736 tribus
310 2670 403 2736 lectis
424 2668 532 2735 videas
555 2691 667 2734 cenare
690 2673 875 2753 quaternos,
898 2680 899 2684 ’

92 2744 229 2841 lqnibus
250 2780 335 2823 unus
357 2762 443 2823 amet
465 2757 576 2841 quavis
599 2778 766 2842 aspergere
790 2761 920 2821 cunctos

92 2832 192 2911 plector
217 2868 292 2912 eum
319 2846 375 2930 qui
400 2845 533 2930 praebet
559 2867 690 2929 aquam,
721 2843 907 2928 posthunc
934 2866 1061 2929 quoque

768 2935 840 2997 otus

94 3006 198 3086 ennea
219 3043 293 3087 cum
314 3043 411 3087 verax
433 3020 535 3104 aperit
556 2955 865 3103 praecordiapLibel.

92 3093 134 3169 llic
150 3110 207 3175 tibi
229 3110 329 3175 connis
352 3113 385 3175 et
406 3109 547 3174 urbanus
568 3108 712 3192 liberque
733 3108 873 3194 videtur,
1079 3126 1113 3174 90

93 3181 183 3262 lenaeo
204 3198 321 3283 nignis3
343 3218 403 3283 ego
426 3197 455 3262 si
477 3197 547 3281 risi,
571 3197 656 3280 quod
678 3197 806 3279 ineptus

93 3269 212 3350 Pestillos
234 3285 373 3351 Rufillus
396 3284 474 3369 olet,
498 3283 676 3369 Gargonius
697 3283 837 3368 hircum,

92 3356 194 3439 lividus
216 3378 248 3439 et
270 3373 403 3438 mordax
423 3373 534 3438 videor
556 3371 638 3436 tibi?
677 3370 799 3436 Mentio
823 3373 915 3456 siqua

92 3444 125 3518 De
141 3456 306 3546 Capitolini
327 3461 422 3526 furtis
445 3461 562 3526 iniecta
582 3459 692 3525 Petilli

93 3533 123 3604 Τθ
138 3568 234 3616 acram
256 3550 367 3634 fuerit3
390 3549 551 3633 defendas,
573 3553 611 3613 ut
632 3553 708 3613 tuus
731 3553 780 3615 est
801 3570 884 3613 mos:
1079 3563 1112 3613 95

852 3651 903 3704 ne·
