2370 4028
82 251 187 324 nvn]
432 251 542 308 mna
558 254 579 309 1.
946 254 1010 320 217

71 418 92 461 a
114 396 220 480 pater'
243 395 341 482 clerc,
364 395 448 462 clare
471 419 544 462 curn
567 397 650 463 dixit
673 396 829 483 ‘Apollo,'

72 507 106 548 ra
127 489 237 550 movet
258 488 406 550 metuens
429 484 546 550 audiri:
569 485 716 571 ‘pulchra
736 485 893 572 Laverna,
1029 503 1064 552 60

71 572 156 638 mihi
176 573 301 659 fallere,
324 572 365 638 da
386 573 472 639 iusto
496 578 669 659 sanctoque
691 574 806 658 videri,

72 664 139 726 tem
161 661 302 745 peccatis
325 665 358 726 at
379 661 546 727 fraudibus
570 663 660 728 obice
682 662 822 728 nubem?

86 750 202 815 melior
224 771 330 834 servo,
354 750 410 835 qui
431 750 564 815 liberior
586 751 630 815 sit
652 773 779 836 avarus,

72 839 167 902 riviis
190 839 291 903 fixum
314 860 387 903 cum
411 860 445 904 sa
468 838 610 904 demittit
633 839 674 903 ob
697 861 814 923 assem,

98 926 206 1006 rideo:
229 948 304 991 nam
327 926 383 1011 qui
407 927 526 1010 cupiet,
549 931 672 993 metuat
694 949 834 1012 quoque;
856 948 952 1010 porro
1028 944 1061 992 65

87 1018 233 1096 metuens
255 1015 355 1099 vivat,
376 1015 460 1080 liber
482 1014 562 1079 mihi
584 1037 649 1080 non
672 1017 734 1080 erit
755 1036 917 1100 umquam.

72 1102 147 1168 iidit
170 1125 271 1187 arma,
293 1103 401 1168 locum
423 1104 555 1168 virtutis
577 1104 731 1188 deseruit,
754 1105 810 1188 qui

72 1214 136 1275 per
158 1191 193 1256 in
215 1191 361 1276 augenda
382 1191 514 1256 festinat
536 1195 570 1256 et
592 1192 740 1256 obruitur
762 1215 804 1257 re.

74 1279 148 1344 dere
171 1301 244 1345 cum
266 1280 372 1363 possis
395 1279 571 1364 captivum,
593 1280 735 1346 occidere
758 1281 838 1345 noli:

72 1367 128 1432 riet
149 1368 285 1452 utiliter3
309 1368 377 1433 sine
399 1373 509 1452 pascat
532 1368 631 1432 durus
654 1373 798 1453 aretque,
1028 1387 1061 1435 70

73 1455 143 1540 iget
166 1478 202 1521 ac
224 1455 338 1521 mediis
360 1455 481 1522 hiemet
502 1461 659 1521 mercator
681 1457 715 1521 in
737 1457 846 1541 undis,
896 1537 899 1541 ⁴

72 1565 157 1609 ionae
179 1544 297 1629 prosit,
318 1548 427 1628 portet
447 1544 609 1608 frumenta
630 1566 802 1628 penusque.

86 1631 189 1697 bonus
213 1636 245 1698 et
267 1633 394 1716 sapiens
418 1633 548 1698 audebit
570 1633 686 1698 dicere:
709 1632 867 1697 ‘Pentheo

73 1723 122 1784 tor
143 1719 339 1805 Thebarum,
362 1720 440 1805 quid
461 1742 513 1786 me
534 1721 674 1805 perferre
696 1721 827 1805 patique

73 1808 175 1892 ignum
190 1808 319 1894 coges?'
341 1807 503 1873 ‘Adimam
525 1808 630 1873 bona?
653 1808 788 1894 ‘Nempe
801 1831 912 1894 pecus,
927 1831 1008 1894 rem,
1028 1828 1061 1876 75

73 1898 130 1981 tos,
154 1899 334 1983 argentum:
357 1896 453 1961 tollas
475 1896 572 1962 licet'
613 1895 664 1962 ‘Iu
685 1898 819 1963 manicis
841 1901 874 1962 et

73 1985 218 2068 npedibus
241 2006 335 2050 saevo
358 1989 391 2051 te
413 1985 472 2050 sub
496 1986 627 2051 custode
649 1986 785 2051 tenebo!

73 2094 94 2136 ie
116 2074 206 2158 daus,
229 2072 423 2158 simulatque
446 2073 565 2158 volam,
587 2096 638 2139 me
661 2073 785 2139 solvet?
826 2071 961 2158 Opinor,

73 2162 196 2227 =santit
218 2161 369 2226 ‘moriar'
408 2161 498 2227 Mors
520 2162 635 2226 ultima
656 2162 741 2227 linea
763 2166 910 2227 rerumst.

428 2347 588 2358 —

457 2475 562 2543 XVII.

73 2599 428 2754 upqis,dScaeva,tsa(tlis
450 2623 508 2755 pqr
529 2601 650 2753 mii,
668 2602 809 2754 ⁰⁰¹²⁸ti¹¹i³
831 2605 864 2666 et
886 2601 962 2686 sois,

750 2713 761 2753 1

74 2797 111 2862 e,
130 2711 849 2862 dbodiiddsaeadhudciqbaemdledrrsleilsardiodlus,
870 2781 909 2842 ut
931 2777 960 2842 si

74 2884 122 2930 ¹*us
146 2866 208 2931 iter
230 2869 409 2930 monstrare
431 2865 522 2950 velit3
546 2870 653 2930 tamen
676 2866 816 2950 adspice,
839 2865 947 2949 siquid

74 2971 142 3039 ros,
165 2954 251 3038 quod
273 2976 365 3019 curas
386 2954 553 3038 proprium
574 2955 701 3038 fecisse,
723 2954 901 3038 loquamur.
1045 2972 1061 3021 5

74 3061 92 3104 e
116 3045 210 3126 grata
232 3043 323 3126 quies
346 3046 378 3107 et
400 3042 537 3126 primam
560 3064 692 3108 somnus
714 3042 749 3106 in
770 3041 884 3106 boram

74 3134 161 3214 ctat,
184 3131 213 3195 si
235 3134 267 3195 te
289 3130 396 3214 pulvis
419 3131 636 3215 strepitusque
658 3134 815 3214 rotarum,

74 3219 160 3284 aedit
183 3240 339 3302 caupona,
360 3217 566 3283 Ferentinum
590 3219 636 3283 ire
658 3218 789 3284 iubebo:

74 3327 86 3370 ι
109 3328 213 3391 neque
236 3306 390 3372 divitibus
413 3307 605 3391 contingunt
628 3307 744 3391 gaudia
766 3306 857 3392 solis,

91 3395 176 3460 vixit
196 3394 294 3479 male,
316 3395 373 3480 qui
395 3398 490 3460 natus
512 3395 715 3479 moriensque
737 3395 860 3461 fefellit.
1028 3411 1061 3459 10

74 3483 212 3548 irodessa
234 3484 300 3549 tuis
322 3482 482 3568 pauloque
504 3482 676 3567 benignius
698 3483 805 3568 ipsum

74 3573 207 3636 tractare
228 3570 331 3657 voles,
353 3572 481 3637 accedes
505 3572 608 3636 siccus
631 3571 671 3635 ad
692 3576 833 3637 unctum.
