2370 4028
138 245 205 309 224
427 243 685 299 urrsrvnnnvu
702 243 810 297 uranu
827 244 848 298 1.
1073 246 1136 318 [xx

609 439 679 505 XX.

139 564 353 630 Vertumnum
376 562 565 648 Ianumque,
587 563 683 648 liber,
706 568 848 647 spectare
871 563 1012 649 videris,

140 652 268 719 Scilicet
290 657 327 717 ut
349 657 475 736 prostes
499 650 665 717 Sosiorum
687 674 813 736 purnrce
836 651 987 717 mundus.

140 740 245 806 Odisti
268 741 371 806 claves
394 745 428 805 et
450 745 542 825 grata
564 739 672 825 sigilla
693 740 822 824 pudic03

138 829 254 894 Paucis
278 828 402 894 ostendi
425 829 526 913 gemis
549 833 582 893 et
604 828 786 893 communia
807 826 934 912 laudas,

106 917 214 983 tNon
237 918 283 981 ita
304 917 456 981 nutritus.
494 915 583 1002 Fuge
607 938 670 1000 quo
695 916 882 980 descendere
907 917 1025 1001 gestis:

138 1004 213 1071 Non
237 1005 298 1070 erit
320 1005 436 1069 emisso
459 1004 580 1069 reditus
603 1005 673 1068 tibi.
715 1003 812 1081 ‘Quid
832 1004 932 1069 miser
955 1005 1031 1090 egi?

140 1093 224 1171 Quid
246 1092 367 1157 uoluil'
391 1093 489 1176 dices,
511 1092 568 1157 ubi
591 1092 669 1176 quid
690 1095 722 1157 te
744 1092 886 1177 laeserit3
909 1096 943 1158 et
966 1093 1030 1158 scis

139 1179 178 1246 In
200 1181 294 1246 breve
317 1185 350 1245 te
372 1181 458 1266 cogi,
481 1202 554 1245 curn
576 1181 689 1264 plenus
711 1179 844 1264 languet
866 1184 1000 1245 amator.

141 1269 262 1347 Quodsi
283 1290 349 1333 non
372 1269 444 1333 odio
467 1266 628 1352 peccantis
651 1268 769 1352 desipit
791 1289 906 1354 augur,

89 1371 122 1420 ιο
141 1355 240 1422 Carus
263 1356 325 1421 eris
347 1355 482 1440 Rornae,
505 1357 604 1421 donec
626 1359 658 1420 te
682 1357 805 1421 deseret
828 1360 929 1441 aetas3

94 1527 95 1530 Ἴ
142 1444 364 1510 contrectatus
386 1445 442 1510 ubi
464 1445 612 1509 manibus
635 1445 814 1509 sordescere
835 1444 927 1530 volgi

141 1531 303 1617 Coeperis,
327 1536 382 1597 aut
403 1534 506 1597 tineas
528 1554 638 1617 pasces
660 1533 839 1598 taciturnus
862 1533 981 1598 inertes

140 1619 209 1686 Aut
230 1621 334 1706 fugies
356 1619 486 1686 Uticam
509 1625 565 1685 aut
586 1621 713 1686 vinctus
734 1620 873 1686 mitteris
895 1619 1038 1686 Ilerdam.

139 1708 272 1774 Ridebit
293 1709 434 1774 monitor
455 1731 520 1774 non
543 1709 724 1792 exauditus,
747 1711 784 1773 ut
806 1708 875 1792 ille,

89 1811 121 1860 15
141 1796 205 1873 Qui
225 1797 308 1862 mule
330 1801 494 1880 parentem
517 1798 551 1861 in
572 1819 668 1881 rupes
689 1797 847 1880 protrusit
870 1797 1003 1862 asellum

140 1883 260 1950 Iratus:
284 1886 356 1969 quis
378 1885 463 1949 enim
486 1886 624 1949 invitum
647 1907 771 1950 servare
794 1884 940 1950 laboret?

139 1972 211 2038 Hoc
234 1995 360 2058 quoque
383 1977 415 2038 te
437 1978 557 2057 manet,
578 1977 616 2037 ut
637 1994 753 2056 pueros
776 1972 934 2038 elementa
955 1972 1091 2038 docenten

140 2059 282 2146 Occupet
305 2061 455 2126 extremis
477 2062 511 2125 in
533 2061 613 2126 vicis
635 2061 731 2125 balba
752 2065 907 2126 senectus.

141 2148 221 2214 (lum
244 2149 305 2214 tibi
328 2150 378 2215 sol
399 2150 544 2233 †tepidus
565 2149 674 2233 plures
697 2148 874 2214 admoverit
896 2170 1000 2232 aures,

88 2251 122 2300 20
139 2237 193 2302 Me
214 2236 366 2302 libertino
388 2242 500 2302 natum
522 2241 612 2321 patre
634 2241 667 2302 et
689 2237 723 2301 in
745 2237 835 2301 tenui
857 2258 891 2301 re

139 2324 278 2390 Maiores
300 2326 415 2408 pinnas
437 2326 513 2390 nido
536 2325 714 2390 extendisse
736 2325 891 2408 loqueris

139 2412 199 2496 Vt,
223 2416 378 2496 quantum
400 2414 509 2499 generi
532 2414 652 2496 demas,
674 2413 847 2477 virtutibus
871 2413 984 2498 addas3

139 2499 193 2565 Me
214 2501 328 2584 primis
350 2502 440 2567 urbis
462 2501 539 2566 belli
561 2500 718 2585 placuisse
742 2501 904 2584 domique,

141 2586 291 2672 Corporis
313 2590 434 2675 exigui,
456 2611 659 2673 praeconum,
682 2589 802 2653 solibus
825 2591 968 2672 †aptum,

88 2690 121 2739 25
139 2674 239 2741 Irasci
262 2677 409 2762 celerem,
431 2681 538 2742 tamen
561 2680 598 2741 ut
620 2677 786 2761 placabilis
809 2698 920 2741 essem.
1031 2706 1040 2740 s

139 2762 235 2829 Forte
257 2787 365 2830 meum
388 2766 489 2850 siquis
512 2770 544 2830 te
566 2765 805 2849 percontabitur
827 2786 954 2828 aevum:

138 2850 192 2916 Me
216 2858 328 2936 quater
349 2855 492 2918 undenos
516 2854 596 2918 sciat
618 2854 788 2937 inplevisse
809 2851 1015 2936 Decembres,

140 2937 303 3026 Collegam
324 2941 481 3027 Lepidum
505 2962 568 3025 quo
592 2942 673 3005 dixit
694 2940 818 3006 Lollius
842 2962 933 3005 anno.

537 3277 747 3288 ————-
