2370 4028
45 247 70 319 ›·]
385 245 493 300 uisne
510 247 543 302 11.
924 249 967 314 35
1020 187 1035 202 ’Δ

121 388 243 454 Crescit
264 389 435 474 indulgens
458 390 520 455 sibi
544 390 632 455 dirus
654 391 810 478 hydrops,

119 477 188 543 Neo
210 478 299 544 sitim
321 478 428 562 pellis,
451 478 515 543 nisi
537 500 632 544 eausa
653 479 759 544 morbi
902 497 905 504 ·

118 565 253 650 Fugerit
274 566 365 630 venis
388 570 421 630 et
443 588 582 650 aquosus
605 567 678 631 elbo
934 583 967 633 15

164 654 303 738 Corpore
326 653 469 740 languor.

118 803 292 869 Redditum
316 801 392 886 Gyri
415 803 495 868 solio
518 802 703 869 Phreheten

118 890 286 956 Dissidens
307 891 395 975 plebi
417 913 551 956 numero
574 891 763 957 beatorum·

118 979 244 1044 Eximit
266 978 380 1044 Virtus
402 979 624 1064 populumque·
643 980 734 1045 falsis

162 1068 305 1136 Dedooet
327 1068 376 1132 uti
932 1084 966 1133 20

120 1217 277 1302 Vocibus,
299 1237 434 1302 regnum
457 1221 490 1282 et
514 1217 658 1281 diadema
679 1221 786 1282 tutum

118 1305 273 1370 Deferens
295 1306 352 1369 uni
374 1306 599 1390 propriamque
621 1305 762 1391 laurum,

120 1392 272 1477 Quisquis
294 1393 441 1478 ingentes
464 1393 556 1457 ooulo
580 1394 734 1458 inretorto

164 1479 295 1564 Spectet
317 1503 454 1546 eoervos.

384 1730 543 1738 -—-——---—-

437 1926 496 1992 ΠΙ.

92 2052 238 2137 Aequam
260 2055 420 2116 memento
444 2052 539 2116 rebus
562 2053 596 2116 in
619 2053 727 2117 arduis

94 2140 227 2208 Servare
248 2143 402 2224 mentem,
424 2162 489 2205 non
513 2162 604 2205 secus
626 2141 660 2205 in
683 2141 776 2206 bonis

136 2228 188 2294 Ab
212 2227 364 2292 insolenti
386 2231 595 2312 temperatum

179 2316 330 2400 Laetitia,
352 2316 507 2381 moriture
529 2315 629 2401 Delli,

93 2463 156 2530 Seu
178 2469 320 2530 maestus
343 2463 430 2528 omni
453 2467 597 2547 tempore
618 2465 750 2549 vixeris,
946 2483 963 2532 t

94 2552 157 2618 Seu
179 2557 212 2618 te
234 2553 269 2618 in
291 2555 413 2617 remoto
438 2552 581 2636 gramine
602 2575 661 2637 per
684 2554 751 2618 dies
850 2585 851 2589 ¹

135 2641 250 2706 Festos
272 2641 459 2706 reclinatum
482 2639 587 2705 bearis

180 2729 335 2794 Interiore
357 2732 434 2792 note
455 2727 592 2793 Falerni.

94 2870 164 2954 Quo
186 2878 282 2963 pinus
305 2878 416 2963 ingens
440 2877 575 2962 alboque
596 2877 736 2962 populus

92 2965 249 3031 Vmbram
271 2965 463 3050 hospitalem
486 2967 667 3031 consociere
690 2971 797 3031 ament
930 2983 964 3033 10

135 3054 270 3119 Remis?
311 3052 396 3131 Quid
418 3053 548 3138 obliquo
572 3054 697 3119 loborat

179 3142 326 3226 Lympha
347 3142 447 3226 fugax
469 3143 628 3226 trepidare
650 3142 741 3221 rivo?

91 3290 164 3356 Huc
186 3293 261 3356 vine
284 3296 316 3356 et
338 3295 502 3376 unguenta
525 3294 557 3356 et
579 3291 714 3355 nimium
736 3293 849 3357 breves

90 3379 202 3444 Flores
225 3401 375 3446 amoenae
396 3379 479 3444 ferre
502 3379 576 3443 iube
598 3401 704 3464 rosae,

135 3459 222 3533 Dum
244 3489 295 3534 res
318 3472 351 3534 et
373 3472 460 3533 aetus
483 3471 516 3532 et
539 3489 685 3532 sororum
931 3486 963 3534 15

179 3555 251 3620 Fila
272 3557 370 3621 trium
392 3557 561 3640 patiuntur
583 3560 660 3621 atre.

769 3664 785 3710 3
791 3658 804 3687 t
