2370 4028
322 925 805 1009 PROLEGOMENA.

147 1192 235 1253 Anno
253 1191 568 1252 MDOOGLXXXVIII
586 1192 724 1252 absoluta
742 1192 871 1252 editione
888 1191 980 1252 Nonii
998 1209 1068 1250 cum

56 1281 218 1340 intentiore
248 1299 352 1339 rursus
385 1300 456 1340 cura
488 1281 526 1338 ad
557 1281 717 1341 Horatium
748 1298 802 1340 nos
834 1280 1067 1357 applicassemus

57 1371 202 1444 nostrum,
225 1369 310 1428 cuius
329 1369 463 1428 studium
484 1389 539 1444 per
556 1369 673 1444 aliquot
695 1386 788 1427 annos
806 1371 929 1444 propter
950 1368 1065 1445 magni-

56 1456 194 1516 tudinem
224 1457 413 1534 negotiorum
439 1476 499 1517 non
527 1457 647 1532 quidem
674 1455 845 1513 abdicatum
874 1457 986 1532 fuerat,
1014 1455 1067 1515 sed

57 1547 259 1620 attenuatum,
281 1545 357 1603 illud
374 1545 505 1620 primum
523 1562 698 1622 cognoscere
717 1543 825 1602 avebat
843 1544 968 1619 animus,
992 1564 1066 1620 qna-

56 1636 146 1691 tenus
170 1631 319 1692 Schuetzii
343 1636 373 1692 et
395 1632 567 1710 Kiosslingii
590 1632 794 1692 commentarii
816 1631 989 1707 Horatiani‚
1013 1633 1067 1708 qui

57 1740 113 1796 per
134 1721 232 1779 lustra
250 1721 405 1798 superiora
423 1720 604 1797 prodierant,
626 1720 839 1795 responderent
857 1721 963 1795 famae,
987 1739 1066 1796 quae

56 1809 254 1868 increbuerat.
299 1810 414 1869 Tantae
443 1810 522 1868 onim
549 1812 579 1868 et
607 1809 684 1867 tales
712 1807 748 1866 de
776 1811 905 1884 utraque
936 1807 1065 1868 editione

57 1897 232 1957 ferebantur
259 1898 376 1974 laudea,
400 1897 502 1957 uthis
530 1897 671 1975 obtigisse
694 1895 857 1972 videretur,
882 1896 963 1972 qnod
988 1896 1065 1954 Ben-

57 1985 149 2045 tleius
180 2005 249 2045 oum
273 1986 459 2063 Perlcampio
487 1989 517 2046 et
539 1986 711 2062 potissimus
740 1985 868 2061 quisque
895 1985 1065 2044 criticorum

58 2075 172 2132 frustra
190 2077 391 2150 speraverant,
411 2074 597 2150 sublatisque
616 2072 844 2132 difficultatibus
863 2091 957 2148 paene
972 2072 1065 2131 omni·
1105 2150 1107 2153 Ι

57 2162 127 2236 bus,
152 2161 260 2237 quibus
282 2161 402 2221 Horatii
424 2162 557 2220 carmina
585 2164 774 2237 premuntur,
797 2161 858 2219 iam
880 2162 942 2219 fere
964 2163 1065 2236 posset

57 2249 208 2325 acquiesci
230 2249 261 2307 in
283 2249 390 2309 horum
412 2249 547 2309 doctrina
570 2251 601 2307 et
623 2249 764 2309 sollertia.
802 2249 915 2308 Verum
939 2249 998 2308 cito
1020 2248 1064 2306 in-

57 2339 212 2397 tellectum
235 2340 280 2396 est
297 2355 430 2397 rumores
452 2337 525 2397 istos
542 2337 638 2414 magis
661 2337 826 2397 factionum
848 2336 955 2395 studiis
974 2354 1066 2411 quam

58 2446 95 2485 ex
121 2445 192 2486 vero
220 2424 391 2485 celebratos.
431 2424 476 2484 Ac
503 2424 539 2484 de
567 2423 723 2484 Schuetzio
747 2424 867 2500 quidem
894 2424 955 2482 iam
978 2424 1064 2483 credo

58 2514 216 2574 convenire
242 2514 321 2572 inter
348 2513 515 2589 plerosque.
560 2512 641 2570 Illud
662 2511 766 2587 miror,
790 2511 871 2587 quod
892 2511 1066 2588 Kiesslingii

58 2621 150 2677 opera
180 2601 271 2660 habet
303 2601 473 2660 etiamnunc
503 2600 675 2659 laudatores
707 2616 776 2660 suos
804 2602 834 2658 et
861 2599 1064 2674 admiratores

57 2709 127 2748 cum
147 2693 250 2748 tamen
272 2690 312 2748 sit
331 2693 445 2748 certum
468 2708 534 2748 eam
551 2688 602 2747 vix
622 2688 754 2746 multum
776 2691 928 2763 praestare
950 2687 1065 2746 meritis

58 2777 287 2837 Schuetaianam
318 2777 482 2853 paucisque
512 2776 597 2836 bonis
628 2776 758 2835 inventis
791 2775 945 2835 admisceri
976 2776 1065 2852 longe

57 2867 146 2942 plura
168 2867 217 2925 vol
238 2866 399 2926 mediocria
417 2866 465 2924 vel
487 2866 563 2924 falsa
587 2883 621 2923 ac
640 2882 728 2939 saepo
751 2882 890 2939 perversa
907 2863 956 2922 vel
975 2862 1067 2921 dubia

57 2953 226 3015 admodum.

147 3041 230 3111 Quae
253 3061 321 3100 cum
342 3042 387 3100 ita
410 3043 515 3116 essent,
537 3041 668 3116 primum
691 3039 870 3098 Saturarum
893 3041 923 3097 et
943 3038 1066 3116 Epistu-

56 3132 156 3189 larum
169 3130 290 3190 Horatii
307 3129 467 3190 editionem
483 3129 626 3189 maiorem
645 3128 860 3203 doctorumque
878 3127 1067 3203 potissimum

57 3219 161 3278 usibus
179 3218 359 3277 destinatam
376 3217 489 3294 paravi,
508 3235 585 3292 quae
604 3216 689 3275 annis
707 3214 907 3275 MDGGGXOI
920 3218 952 3274 et
968 3214 1068 3274 XCIII

57 3308 140 3383 apud
162 3306 194 3364 F.
218 3306 410 3382 Tempslrium
432 3304 544 3380 prodiit
565 3303 769 3364 Vindobonae.

146 3395 188 3454 Et
208 3395 304 3470 lyrica
322 3393 442 3470 quidem
464 3391 595 3451 carmina
614 3411 682 3450 cum
700 3392 834 3451 iambicis
854 3392 1066 3452 commentario

56 3485 209 3543 illustrare
240 3485 307 3541 turn
333 3501 393 3541 non
425 3483 490 3540 erat
517 3481 685 3557 consilium,
713 3499 782 3539 cum
812 3479 988 3556 praesertim
1016 3479 1067 3537 ab·
