2370 4028
89 249 153 316 132
513 247 661 305 uPODON

87 410 121 459 ³5
176 392 267 459 Cales
289 393 419 458 venenis
442 393 571 458 officina
593 392 760 458 Colchicis.

177 481 263 558 Quae
285 482 359 546 finis
383 484 439 545 aut
462 482 547 565 quod
569 503 620 546 me
642 485 750 546 manet
773 482 988 566 stipendium?

175 570 296 655 Effare5
318 570 421 634 iussas
443 590 516 633 eum
537 569 600 634 fide
622 592 740 654 poenas
763 569 868 656 luam,

175 658 310 723 Paratus
334 658 474 741 expiare,
496 679 553 722 seu
575 659 759 742 poposceris

176 746 311 811 (lentum
333 746 497 830 iuvenem,
520 746 587 809 sive
609 747 753 811 mendaci
775 745 850 830 lyra

176 834 274 900 Voles
297 834 416 899 sonari:
439 837 475 898 tu
497 834 626 918 pudica,
649 838 684 898 tu
707 835 809 918 proba

175 922 416 988 Perambulabis
439 926 526 986 astra
548 922 636 986 sidus
659 943 799 987 aureum.

174 1009 308 1076 Infamis
329 1010 471 1075 Helenae
493 1008 606 1075 Castor
629 1011 768 1075 offensus
790 1012 896 1076 ricem

174 1097 349 1182 Fraterque
371 1099 480 1184 magni
503 1096 658 1182 Castoris,
680 1098 758 1163 victi
780 1120 889 1183 prece,

175 1185 336 1271 Adempta
356 1186 424 1250 1111
446 1186 609 1250 reddidere
631 1186 766 1251 lumina:

174 1275 220 1339 Et
241 1278 278 1338 tu
296 1278 449 1359 -potes
471 1296 545 1338 nam
564 1273 712 1339 —solve
735 1295 786 1338 me
810 1275 969 1357 dementia,

177 1361 203 1427 0
226 1384 285 1427 nec
306 1363 446 1446 paternis
470 1362 614 1427 obsoleta
636 1363 783 1427 sordibus

175 1450 244 1515 Nec
266 1450 300 1515 in
322 1450 476 1535 sepulcris
497 1472 674 1535 pauperum
696 1451 836 1534 prudens
859 1473 934 1516 anus

174 1537 388 1604 Nouendiales
411 1538 565 1622 dissipare
587 1539 742 1623 pulveres.

175 1626 249 1691 Tibi
270 1627 429 1711 hospitale
451 1631 563 1711 pectus
586 1631 618 1691 et
639 1648 737 1710 purae
760 1649 875 1693 manus

176 1714 326 1798 Tuusque
347 1719 460 1780 venter
481 1714 697 1799 Pactumeius,
721 1718 753 1779 et
775 1719 832 1780 tuo

175 1801 294 1868 cruore
316 1804 431 1867 rubros
454 1803 611 1868 obstetrix
632 1824 754 1887 pannos
777 1803 870 1889 lavit,

175 1889 357 1974 Vtcumque
378 1890 472 1956 fortis
495 1890 604 1956 exsilis
627 1891 803 1975 puerpera'

175 1978 272 2055 ‘Quid
294 1979 449 2044 obseratis
472 1980 602 2044 auribus
625 1979 733 2042 fundis
755 1980 886 2062 preces?

174 2067 249 2133 Non
272 2089 349 2131 saxa
370 2068 465 2132 nudis
488 2067 633 2131 surdiora
654 2067 772 2130 navitis

173 2155 344 2239 Neptunus
368 2155 432 2220 alto
455 2155 564 2218 tundit
586 2154 739 2219 hibernus
762 2154 839 2219 salo.

174 2242 301 2307 Inultus
323 2246 361 2306 ut
382 2245 419 2306 tu
441 2243 549 2306 riseris
573 2240 702 2325 Cotytia

174 2328 327 2414 Volgata,
350 2351 475 2394 sacrum
497 2330 590 2394 liberi
613 2328 793 2414 Cupidinis,

173 2418 219 2481 Et
239 2417 401 2501 Esquilini
423 2417 569 2502 pontifex
590 2418 723 2482 venefici

173 2505 297 2590 Inpune
318 2510 356 2570 ut
377 2507 489 2571 urbem
511 2506 640 2570 nomine
663 2506 794 2590 inpleris
817 2508 910 2573 meo?

175 2593 259 2670 Quid
280 2594 430 2679 proderat
452 2595 570 2659 ditasse
592 2593 761 2679 Paelignas
785 2617 865 2660 anus

174 2681 363 2747 Velociusve
385 2683 551 2747 miscuisse
574 2682 737 2747 toxicum?

176 2769 238 2836 Sed
260 2771 401 2835 tardiora
422 2771 489 2835 fata
510 2774 543 2835 te
564 2772 649 2836 votis
672 2775 815 2856 manent,

174 2857 305 2944 Ingrata
325 2859 441 2923 misero
464 2859 533 2924 1111
555 2860 728 2924 ducendast
750 2859 784 2923 in
806 2859 882 2945 hoc,

173 2946 276 3012 Novis
298 2951 458 3031 utusque
481 2951 632 3032 suppetas
654 2947 827 3013 laboribus.

174 3032 274 3119 Optat
296 3035 435 3119 quietem
458 3034 585 3120 Pelopis
608 3036 699 3100 infidi
721 3040 826 3120 pater,

172 3121 281 3207 Egens
303 3123 460 3208 benignae
482 3123 635 3188 Tantalus
659 3146 784 3208 semper
807 3125 911 3210 dapis,

174 3208 273 3295 Optat
294 3210 504 3277 Prometheus
528 3212 688 3297 obligatus
712 3213 795 3298 aliti,

175 3296 273 3383 Optat
295 3321 443 3384 supremo
467 3300 622 3365 collocare
646 3299 803 3385 Sisyphus

174 3385 212 3451 In
234 3390 343 3452 monte
366 3411 492 3474 saxum3
515 3390 571 3454 sed
593 3393 702 3453 vetant
724 3390 812 3474 leges
834 3388 931 3456 Iovis.

87 3491 120 3540 10
174 3473 272 3540 Voles
294 3477 389 3541 modo
413 3476 487 3540 altis
510 3477 636 3541 desilire
658 3478 815 3562 turribus,

172 3562 269 3629 Modo
293 3587 366 3630 ense
388 3569 499 3650 pectus
521 3564 640 3631 Norico
663 3565 839 3650 recludere,
