2370 4028
492 193 690 249 oeenmvn

221 336 354 422 Saepius
379 338 484 402 ventis
507 337 648 423 agitatur
670 337 784 422 ingens

221 426 321 490 Pinus
345 430 377 490 et
400 426 500 491 oelsee
524 425 669 511 graviore
692 447 768 490 easu

221 514 381 579 Deeidunt
403 518 507 579 turres
530 513 711 597 feriuntque
734 535 888 581 summos

264 602 407 688 Fulgura
428 606 561 666 montes.

224 751 338 836 Sperat
359 752 498 836 infestis,
520 752 636 816 metuit
659 750 807 816 secundis

223 840 368 906 Alteram
391 844 511 905 sortem
533 840 614 904 bene
636 842 866 923 praeparatum

222 928 346 993 Pectus.
387 927 544 993 informes
566 928 688 993 hiemes
709 927 838 992 redueit

266 1015 424 1102 luppiter,
447 1016 531 1081 idem

224 1164 406 1230 Submovet.
446 1165 534 1249 Non,
557 1165 585 1229 si
608 1163 690 1229 mele
712 1186 810 1248 nune,
833 1169 869 1230 et
891 1166 974 1232 olim

224 1253 277 1318 sie
300 1253 374 1318 erit:
398 1254 559 1337 quondam
582 1251 704 1318 eithara
725 1256 886 1318 tacentem

224 1341 365 1407 Suscitat
387 1340 513 1406 Musam
535 1363 638 1426 neque
661 1362 786 1425 semper
808 1363 923 1407 areum

268 1429 384 1495 Tendit
405 1428 533 1513 Apollo.

223 1579 331 1644 Rebus
354 1579 500 1666 angustis
523 1577 685 1643 animosus
708 1581 805 1662 etque

222 1667 329 1732 Fortis
353 1669 482 1752 adpare:
506 1667 666 1750 sapienter
688 1666 772 1731 idern

226 1754 400 1821 Contrahes
422 1759 518 1820 vento
540 1754 676 1819 nimium
699 1754 836 1820 seeundo

267 1843 408 1930 Turgida
430 1841 508 1908 vela.

566 2290 622 2356 XI.

250 2415 333 2492 Quid
355 2414 526 2480 bellicosus
550 2414 707 2479 Cantaber
730 2419 762 2480 et
786 2414 937 2502 Scythes,

248 2504 384 2588 Hirpine
407 2502 531 2587 Quinti,
559 2504 678 2588 cogitet
699 2502 820 2568 Hadria

292 2593 424 2657 Divisus
447 2592 585 2675 obieeto,
607 2592 752 2656 remittes

338 2679 507 2764 Quaerere,
530 2702 588 2745 nee
610 2680 750 2764 trepides
773 2681 810 2754 in,
829 2702 925 2746 usum

250 2828 415 2894 Poscentis
439 2829 508 2894 aevi
530 2851 645 2912 panea:
668 2829 753 2914 fugit
775 2833 862 2895 retro

249 2916 344 2982 Levis
366 2918 513 2981 iuventas
536 2920 568 2981 et
591 2918 698 3000 deeor,
721 2917 809 2982 arida

293 3004 436 3070 Pellente
457 3004 594 3070 lascivos
616 3027 739 3069 amores

339 3092 462 3158 canitie
484 3093 673 3178 facilemque
696 3115 851 3160 somnum.

249 3242 325 3307 Non
348 3264 473 3328 semper
495 3242 579 3307 idem
602 3245 735 3309 floribus
758 3249 807 3310 est
829 3244 935 3311 honor

92 3347 125 3396 10
250 3329 380 3414 Vernis,
403 3353 504 3416 neque
527 3352 592 3397 uno
614 3331 691 3396 luna
712 3332 830 3397 rubens
853 3334 939 3400 nitet

292 3417 407 3483 Voltu:
431 3419 507 3503 quid
530 3420 667 3485 aeternis
690 3420 846 3485 minorem

113 3510 116 3518 '
250 3534 264 3565 ι
338 3505 488 3572 Consiliis
511 3508 652 3572 animum
674 3508 813 3593 fatigas?
