2386 4020
97 237 122 311 l]
487 241 595 296 LIBER
611 243 646 298 11.
1003 246 1068 310 227

97 378 123 445 si
137 387 248 450 veteres
269 384 318 459 ita
337 384 474 449 miratur
495 382 666 469 laudatque
687 389 812 471 poetas,

96 466 129 534 u
144 472 217 537 nihil
239 471 408 557 anteferat,
429 471 512 537 nihil
533 472 599 537 illis
622 477 785 557 conparet:
808 479 905 561 errat3
1087 493 1121 543 oo

96 553 121 621 si
137 561 281 644 quaedam
301 559 400 626 nimis
421 560 564 644 antique,
586 561 615 625 si
636 561 787 646 pleraque
810 562 888 628 dure

95 642 181 714 Dicere
202 648 305 714 eredit
326 670 393 732 eos,
416 648 530 733 ignave
552 649 655 713 multa
676 650 808 714 fatetur:

94 729 126 798 nt
141 737 217 821 sapit
239 740 273 802 et
293 758 418 803 mecum
440 736 518 801 facit
540 734 670 801 eblone
692 737 812 802 iudicat
834 761 943 824 aequo.

94 816 148 888 Non
166 825 311 910 equidem
333 825 473 890 insector
494 824 665 890 delendave
687 827 828 891 carmina
848 825 921 892 Livi

93 904 152 977 due
170 934 253 998 reor,
274 912 408 978 memini
431 933 511 996 quae
532 912 702 998 plagosum
723 914 804 978 mihi
826 937 925 998 parvo
1086 933 1119 983 το

94 993 224 1066 Orbilium
246 1000 379 1086 dictar03
401 1000 458 1065 sed
479 1001 645 1065 emendata
666 1002 768 1066 videri

92 1080 264 1174 Pulchraque
286 1092 320 1154 et
341 1088 461 1155 exactis
482 1089 651 1154 minimum
674 1090 826 1155 distantia
847 1091 955 1156 miror.

91 1168 157 1241 Inter
176 1199 256 1262 quae
277 1176 411 1243 verbum
434 1176 564 1242 emicuit
586 1177 615 1241 si
636 1177 720 1242 forte
743 1178 906 1264 decorum,

91 1257 233 1331 diversus
255 1263 352 1349 paulo
374 1265 560 1330 concinnior
581 1287 664 1330 unus
687 1269 720 1330 et
742 1266 836 1352 alter,

89 1343 186 1418 Iniuste
207 1356 314 1419 totum
336 1353 424 1419 ducit
444 1353 616 1436 venditque
637 1375 759 1437 poema
1085 1374 1118 1423 75

76 1432 218 1526 -Indignor
239 1442 410 1526 quicquam
431 1442 592 1525 reprendi,
613 1463 679 1505 non
702 1442 777 1526 quia
798 1463 902 1507 crasse

90 1522 274 1614 conpositum
295 1528 474 1613 inlepidere
495 1532 639 1613 putetur,
662 1530 718 1594 sed
741 1530 820 1613 quia
837 1553 952 1615 nuper,

87 1608 139 1682 bc
156 1617 281 1684 veniam
302 1617 457 1702 antiquis,
479 1617 535 1681 sed
556 1617 710 1682 honorem
733 1621 765 1682 et
787 1619 930 1702 praemia
950 1620 1048 1703 posci.

87 1697 165 1771 bebo
184 1727 284 1771 necne
305 1726 433 1770 crocum
454 1705 611 1789 floresque
633 1706 832 1789 perambulet
853 1705 951 1771 Attae

86 1784 186 1859 llsbula
206 1794 235 1859 si
257 1793 415 1878 dubitem,
437 1792 575 1858 clament
596 1794 729 1877 periisse
750 1794 905 1878 pudorem
1083 1815 1116 1863 80
1181 1850 1183 1853 v

88 1874 179 1947 Cuncti
199 1903 300 1967 paene
321 1884 442 1965 patres,
464 1902 501 1945 ea
523 1902 596 1945 cum
617 1881 806 1965 reprendere
829 1904 936 1966 coner,

88 1962 154 2041 Qube
173 1969 280 2056 gravis
302 1967 462 2054 Aesopus,
484 1990 565 2053 quae
588 1969 700 2034 doetus
722 1969 859 2036 Roscius
882 1971 961 2055 egit:

86 2046 134 2121 bel
150 2059 225 2143 quia
243 2056 292 2123 nil
312 2061 448 2141 rectum,
470 2057 532 2121 nisi
555 2058 641 2141 quod
663 2057 785 2141 placuit
806 2058 882 2143 sibi,
905 2059 1038 2143 ducunt,

86 2134 133 2208 bel
149 2146 222 2230 quia
243 2149 337 2230 turpe
358 2149 473 2230 putant
494 2167 605 2229 parere
627 2146 806 2212 minoribus
828 2151 861 2211 et
883 2168 964 2230 queo

85 2222 192 2299 lnberbi
213 2233 364 2318 didicere,
386 2255 477 2298 senes
498 2233 658 2317 perdendo
678 2234 781 2299 fateri.
1081 2253 1115 2303 85

86 2310 137 2385 lom
155 2320 274 2387 Saliare
295 2320 421 2388 Numae
443 2343 571 2386 carmen
593 2322 648 2405 qui
670 2321 781 2387 laudat
803 2328 835 2388 et
856 2323 950 2408 illud,

87 2402 158 2482 tren
176 2431 301 2477 mecum
323 2409 462 2495 ignorat,
485 2409 573 2475 solus
595 2409 664 2474 volt
685 2410 767 2475 scire
789 2411 904 2496 videri,

85 2484 204 2583 ingeniis
225 2519 292 2563 non
312 2497 368 2563 ille
389 2497 476 2563 favet
496 2497 683 2582 plauditque
706 2498 853 2583 sepultis,

84 2572 183 2651 neca
204 2585 261 2652 sed
282 2585 453 2671 inpugnat,
475 2607 534 2650 nos
556 2589 728 2670 nostreque
749 2586 867 2651 lividus
891 2588 966 2652 odit.

84 2666 158 2747 troc
176 2673 206 2739 si
227 2677 295 2739 tem
317 2671 410 2739 Grais
432 2674 557 2738 novitas
580 2673 683 2739 invise
704 2674 820 2740 fuisset
1081 2695 1114 2742 90

83 2754 165 2835 Quam
183 2762 292 2847 nobis,
314 2761 391 2846 quid
408 2783 492 2827 nunc
510 2765 594 2826 esset
611 2762 724 2826 vetus?
748 2767 804 2827 aut
822 2763 898 2847 quid
915 2762 1062 2848 haberet,

83 2842 156 2923 Quod
175 2850 297 2936 legeret
317 2853 496 2934 tereretque
517 2850 640 2913 viritim
661 2850 809 2933 publicus
832 2851 930 2915 usus?

80 2924 117 3001 u
131 2938 268 3023 primum
289 2938 404 3021 positis
425 2937 540 3022 nugari
564 2936 695 3002 Graecia
716 2939 810 3004 bellis

79 3018 174 3112 coepit
196 3030 229 3092 et
251 3026 286 3091 in
307 3025 423 3091 vitium
444 3026 574 3090 fortuna
594 3025 696 3091 labier
719 3048 831 3110 aequa:

76 3102 155 3181 bine
175 3113 369 3180 athletarum
391 3114 520 3197 studiis,
542 3135 626 3178 nunc
649 3114 729 3179 arsit
752 3136 919 3200 equorum,
1079 3135 1112 3182 95

76 3192 229 3269 limeris
251 3204 309 3268 aut
329 3202 434 3267 eboris
455 3201 564 3266 fabros
587 3206 643 3266 eut
665 3203 746 3267 aeris
770 3204 901 3287 amavit,

76 3286 234 3377 Suspendit
254 3291 342 3375 picta
362 3290 486 3356 voltum
507 3294 709 3374 mentemque
731 3291 862 3375 tabella,

76 3378 150 3449 lunc
171 3378 375 3464 tibicinibus,
396 3401 481 3444 nunc
503 3383 553 3443 est
574 3378 685 3462 gavise
706 3380 876 3463 tragoedis.

76 3470 122 3538 iub
142 3468 273 3535 nutrice
293 3466 402 3553 puelle
423 3466 512 3532 velut
534 3467 562 3531 si
583 3466 707 3531 luderet
729 3467 848 3551 infans,

76 3559 144 3635 bned
167 3555 286 3641 cupide
308 3555 415 3640 petiit,
436 3560 560 3619 mature
582 3554 676 3638 plena
698 3555 838 3639 reliquit.
1078 3572 1128 3620 100

853 3658 905 3714 lb*
