2370 4028
493 223 690 279 CARMINVM

248 366 346 432 (ledes
370 367 524 450 coemptis
547 367 683 432 saltibus
706 371 739 432 et
762 367 858 433 domo

246 455 411 539 Villaque,
432 455 535 519 flavus
558 477 654 539 quarn
676 455 803 520 Tiberis
824 455 921 541 lavit,

293 543 404 627 cedes,
428 547 460 607 et
482 544 654 608 exstructis
676 544 711 607 in
734 543 836 608 altum

335 630 467 696 Divitiis
489 632 632 715 potietur
653 631 759 714 heres,

248 781 401 862 Divesne,
422 779 528 862 prisco
552 781 700 846 et'natus
723 782 763 846 ab
786 780 908 847 Inacho

248 868 306 934 Nil
327 868 462 932 interest
484 889 525 931 an
546 890 668 953 pauper
691 873 723 934 et
745 869 858 934 infima

292 954 341 1019 De
365 958 458 1040 gente
482 955 541 1020 sub
566 956 639 1021 divo
661 958 809 1041 moreris,

338 1043 480 1107 Victima
501 1044 549 1107 nil
570 1045 752 1110 miserantis
775 1043 859 1110 Orci.

253 1190 371 1257 Omnes
394 1192 504 1256 eodem
527 1193 684 1278 cogimur,
708 1193 851 1258 omnium

249 1281 404 1345 Versatur
426 1303 507 1344 urna
529 1282 631 1346 serius
654 1281 742 1346 ocius

294 1367 371 1433 Sors
394 1369 519 1433 exitura
541 1373 574 1434 et
595 1392 655 1434 nos
677 1369 711 1433 in
734 1373 902 1434 aeternum

336 1456 497 1520 Exsilium
520 1457 699 1541 inpositura
721 1458 861 1541 cymbae.

512 1705 672 1714 —-—.

557 1903 631 1970 1111„

248 2028 299 2093 Ne
323 2028 366 2092 sit
389 2027 521 2092 ancillae
543 2028 605 2093 tibi
628 2050 717 2093 amor
737 2029 866 2113 pudori,

247 2115 389 2180 Xanthia
410 2115 547 2181 Phoceu.
587 2116 682 2181 Prius
705 2117 896 2182 insolentem

250 2203 349 2268 Serva
370 2203 491 2268 Briseis
513 2205 607 2269 niveo
630 2205 735 2270 colore

293 2290 396 2356 Movit
418 2291 590 2377 Achillem3

248 2441 352 2506 Movit
373 2439 505 2506 Aiacem
527 2442 698 2507 Telamone
720 2445 832 2506 natum

247 2529 365 2594 Forma
387 2531 531 2614 captivae
554 2530 721 2594 dominum
742 2529 943 2617 Tecmessac3

247 2617 339 2682 Arsit
361 2616 491 2682 Atrides
513 2618 619 2682 medio
642 2619 676 2682 in
699 2618 863 2702 triumpho

292 2705 427 2790 Virgine
450 2709 555 2790 rapta,

247 2855 407 2919 Barbarae
429 2859 601 2939 postquam
624 2855 763 2920 cecidere
785 2859 910 2920 turmae

249 2942 402 3008 Thessalo
425 2943 546 3008 victore
569 2946 603 3007 et
625 2944 792 3026 ademptus
813 2942 937 3010 Hector

248 3030 393 3095 Tradidit
415 3031 509 3096 fessis
530 3031 651 3096 leviora
672 3031 744 3095 tolli

292 3118 449 3203 Pergama
472 3118 571 3184 Grais.

248 3267 383 3334 Nescias
406 3291 446 3333 an
469 3272 501 3332 te
524 3290 676 3354 generum
698 3270 784 3333 beati

249 3355 409 3439 Phyllidis
431 3357 531 3421 flavae
554 3358 704 3422 decorent
725 3362 887 3441 parentes:

249 3444 388 3529 Regium
412 3449 495 3510 certe
519 3467 633 3531 genus,
656 3449 689 3509 et
710 3450 841 3530 penates

293 3531 416 3596 Maeret
438 3532 573 3617 iniquos.

961 223 1008 297 [n.
