2370 4028
206 703 698 800 CARMINVM

325 873 433 927 LIBER
450 873 577 929 ALTER.

441 1034 465 1100 Ι.

107 1158 233 1223 Motum
257 1181 297 1224 ex
318 1158 449 1223 Metello
473 1159 601 1223 consule
624 1159 760 1224 civicum

107 1248 254 1330 Bellique
278 1268 388 1311 causas
412 1251 444 1311 et
465 1247 545 1312 vitia
567 1251 599 1312 et
621 1249 733 1312 modos

152 1335 341 1418 Ludumque
362 1335 522 1400 Fortunae
545 1357 720 1420 gravesque

196 1423 382 1506 Principum
406 1423 562 1487 amicitias
586 1427 617 1488 et
640 1447 728 1487 arma

106 1563 260 1629 Nondum
283 1565 417 1648 expiatis
440 1567 536 1628 uncta
558 1565 737 1650 cruoribuS‚

99 1652 309 1717 'Periculosae
331 1653 462 1736 plenum
484 1674 565 1736 opus
588 1652 686 1737 aleae,

152 1741 282 1805 Tractas
306 1744 339 1805 et
360 1740 480 1804 incedis
502 1762 559 1824 per
582 1741 672 1825 ignes

197 1827 388 1912 Suppositos
411 1828 509 1892 cineri
531 1828 650 1893 doloso.

107 1969 244 2033 Paulum
268 1992 394 2034 severae
416 1969 510 2034 Musa
530 1969 712 2054 tragoediae

108 2058 202 2122 Desit
225 2057 371 2122 theatris:
393 2080 469 2121 mox
491 2058 546 2121 ubi
568 2057 713 2141 publicas

152 2145 216 2209 Res
241 2145 409 2229 ordinaris,
433 2146 551 2230 grande
573 2167 689 2210 munus

197 2232 349 2318 Cecropio
372 2239 495 2317 repetes
519 2238 665 2319 coturno,

106 2373 238 2459 Insigne
260 2375 390 2439 maestis
413 2374 607 2458 praesidium
629 2375 692 2439 reis

107 2462 152 2527 Et
175 2463 366 2546 consulenti,
388 2461 506 2546 Pollio,
529 2462 648 2547 curiae,

153 2549 212 2615 cui
234 2551 343 2615 laurus
366 2555 511 2615 aeternos
532 2549 670 2615 honores

194 2639 373 2722 Delmatico
396 2639 520 2723 peperit
542 2637 714 2722 triumpho.

107 2780 176 2845 Iam
198 2803 283 2845 nunc
305 2780 421 2844 minaci
444 2801 607 2843 murmure
630 2800 784 2843 cornuum

106 2868 301 2953 Perstringis
325 2889 429 2952 aures,
452 2868 515 2932 iam
538 2867 612 2931 litui
634 2870 795 2951 strepunt,

152 2955 220 3021 Iam
243 2956 352 3041 fulgor
374 2977 534 3019 armorum
556 2955 686 3039 fugaces

195 3045 306 3110 Terret
329 3066 427 3128 equos
451 3044 657 3127 equitumque
680 3043 795 3108 voltus.
918 3060 951 3107 20

105 3184 226 3251 Audire
248 3206 381 3270 magnos
405 3185 469 3247 iam
491 3184 601 3248 videor
624 3185 732 3268 duceS,

106 3273 182 3339 Non
204 3275 352 3338 indecoro
375 3272 505 3356 pulvere
528 3271 686 3356 sordidos,

149 3363 194 3427 Et
217 3366 330 3426 cuncta
352 3366 509 3425 terrarum
533 3359 664 3424 subacta

194 3451 324 3515 Praeter
347 3455 485 3514 atrocem
509 3448 649 3516 animum
675 3448 812 3514 Catonis.
