2370 4028
139 241 202 306 192
525 241 751 297 SATVRARVM

594 436 683 502 VIII.

138 561 195 627 ‘Vt
216 560 384 626 Nasidieni
406 560 489 625 iuvit
511 565 543 626 te
566 582 643 626 cena
664 560 773 626 beati?
853 561 856 565 ’

136 648 222 716 Nam
244 649 325 713 mihi
349 649 514 734 quaerenti
536 650 702 714 convivam
725 649 831 714 dictus
853 649 930 714 here
951 649 1007 714 illic

137 738 186 802 De
208 737 312 802 medio
335 741 447 821 potare
470 737 541 801 die'
583 735 661 822 ‘Sic,
683 741 721 802 ut
742 736 824 802 mihi
847 758 1010 822 numquam

138 825 176 889 In
198 826 266 890 vita
286 825 385 890 fuerit
407 825 543 890 melius?
583 825 657 909 ‘Da,
680 826 708 890 si
731 847 828 910 grave
850 846 916 890 non
938 829 993 908 est,

104 928 120 977 5
140 913 227 990 Quae
248 913 353 998 prima
375 913 492 977 iratum
514 917 658 978 ventrem
679 913 855 998 placaverit
878 913 967 978 esca'

140 1001 190 1066 ‘In
212 1002 324 1086 primis
346 1000 493 1065 Lucanus
517 1022 593 1086 aper
613 1001 679 1066 leni
700 1002 764 1066 fuit
786 1000 908 1066 Austro

140 1089 272 1174 Captus,
294 1093 332 1153 ut
354 1089 458 1153 aiebat
480 1111 575 1154 cenae
596 1094 699 1174 pater:
723 1089 808 1155 acria
830 1090 948 1154 circum

139 1177 277 1263 Rapula,
298 1177 454 1261 lactucae,
476 1177 611 1261 radices,
634 1177 741 1262 qualia
762 1176 885 1243 lassum

139 1265 324 1331 Pervellunt
346 1265 560 1350 stomachum,
582 1266 675 1349 siser,
698 1265 790 1350 allec,
812 1264 937 1330 faecula
957 1263 1018 1330 Coa

88 1368 121 1417 10
139 1353 200 1418 His
223 1353 280 1418 ubi
302 1352 437 1418 sublatis
459 1375 539 1437 puer
560 1353 624 1417 alte
647 1354 769 1418 cinctus
793 1375 940 1418 acernam

141 1441 286 1525 Gausapa
308 1463 467 1525 purpureo
491 1463 633 1506 mensam
655 1442 807 1526 pertersit
828 1446 863 1507 et
885 1442 965 1506 alter

141 1528 288 1614 Sublegit
311 1529 531 1614 quodcumque
554 1529 672 1595 iaceret
694 1529 808 1595 inutile
830 1530 976 1614 quodque

139 1617 253 1683 Posset
275 1620 423 1683 cenantes
446 1617 617 1702 offendere,
638 1622 676 1682 ut
697 1616 807 1682 Attica
827 1617 922 1703 virgo

141 1705 221 1770 Cum
243 1706 342 1771 sacris
366 1704 487 1771 Cereris
509 1705 653 1791 procedit
673 1706 783 1770 fuscus
805 1704 985 1790 HydaspeS,

89 1809 121 1858 15
141 1792 284 1859 Caecuba
306 1794 381 1858 vina
401 1794 519 1879 ferens,
541 1792 645 1859 Alcon
668 1792 782 1857 Chium
805 1794 904 1858 maris
928 1811 1034 1877 expers.

139 1881 202 1947 Hic
226 1903 297 1947 erus
321 1881 507 1966 ‘Albanum
529 1880 708 1965 Maecenas,
731 1881 798 1946 sive
820 1880 989 1945 Falernum

138 1969 184 2033 Te
206 1970 309 2054 magis
332 1969 486 2054 adpositis
510 1969 657 2035 delectat:
679 1969 834 2034 habemus
857 1965 1036 2053 utrumque?

140 2058 289 2123 ‘Divitias
311 2058 423 2122 miras!
464 2055 527 2122 Sed
550 2058 621 2142 quis
644 2057 830 2122 cenantibus
853 2079 931 2142 una,

139 2145 298 2230 Fundani,
320 2145 452 2230 pulchre
474 2145 572 2210 fuerit
595 2145 668 2229 tibi,
690 2167 784 2210 nosse
806 2145 940 2210 laboro?

87 2250 121 2299 20
141 2232 304 2299 ‘Summus
332 2254 391 2318 ego
417 2238 448 2299 et
470 2255 569 2319 prope
591 2255 643 2297 me
664 2232 781 2298 Viscus
804 2232 967 2297 Thurinus
989 2235 1017 2296 et
1034 2223 1080 2293 uu

141 2321 176 2387 Si
198 2320 342 2405 memini,
364 2320 495 2406 VariuS,
518 2343 590 2387 cum
614 2319 749 2387 Servilio
771 2320 944 2386 Balatrone

139 2408 303 2492 Vibidius,
326 2431 404 2493 quas
426 2408 592 2474 Maecenas
615 2409 789 2474 adduxerat
811 2409 950 2474 umbras.

138 2495 359 2562 Nomentanus
382 2501 450 2562 erat
472 2520 567 2582 super
589 2498 708 2582 ipsum,
730 2496 864 2562 Porcius
886 2497 982 2581 infra,

139 2585 306 2650 Ridiculus
328 2589 413 2649 totas
436 2586 532 2650 simul
555 2585 723 2650 absorbere
745 2586 922 2671 placentas,

88 2689 121 2739 25
138 2672 361 2738 Nomentanus
385 2673 520 2757 adhoc,
544 2673 613 2758 qui,
635 2673 742 2758 siquid
764 2674 846 2738 forte
868 2673 994 2756 lateret,

139 2759 247 2826 Indice
269 2765 462 2826 monstraret
485 2761 599 2846 digito:
621 2784 695 2826 nam
718 2765 822 2826 cetera
844 2761 953 2844 turba,

139 2847 222 2933 Nos,
244 2850 388 2934 inquam,
411 2872 559 2914 cenamus
582 2871 669 2934 aves,
692 2848 870 2933 conchylia,
892 2850 1007 2933 pisces,

139 2937 249 3022 Longe
273 2937 459 3002 dissimilem
481 2941 558 3002 noto
581 2937 717 3002 celantia
739 2959 864 3022 sucum,

140 3023 187 3089 Vt
208 3024 260 3089 vel
282 3026 433 3090 continuo
456 3026 574 3109 patuit,
598 3047 670 3090 cum
692 3025 829 3109 passeris
852 3028 949 3110 atque

88 3128 122 3177 30
140 3110 308 3197 Ingustata
329 3113 410 3177 mihi
431 3112 575 3198 porrexit
596 3114 624 3178 is
647 3113 703 3177 ilia
725 3112 860 3178 rhombi.

140 3200 220 3265 Post
241 3199 303 3265 hoc
325 3223 376 3265 me
399 3201 507 3266 docuit
528 3201 688 3266 melimela
709 3201 823 3266 rubere
845 3201 1000 3267 minorem

140 3287 193 3353 Ad
214 3287 323 3353 lunam
347 3289 475 3355 delecta.
516 3288 600 3367 Quid
622 3289 683 3355 hoc
705 3288 846 3373 intersit,
869 3289 909 3354 ab
933 3291 1000 3375 ipso

140 3375 290 3441 Audieris
313 3376 435 3442 melius.
475 3377 558 3442 Tum
580 3376 730 3442 Vibidius
751 3377 931 3442 Balatroni:

142 3463 222 3531 ‘Nos
243 3464 307 3529 nisi
330 3465 480 3530 damnose
501 3465 656 3550 bibimus,
678 3466 853 3530 moriemur
874 3463 994 3550 inulti3’

89 3567 122 3617 35
141 3551 186 3617 Et
209 3552 321 3618 calices
343 3554 448 3638 poscit
469 3555 613 3619 maiores.
656 3552 788 3618 Vertere
810 3553 915 3639 pallor
