2370 4028
154 205 220 270 232
528 203 786 258 mrsrvnmvn
1061 39 1161 281 [iul

157 348 261 425 Quam
281 369 340 431 per
361 348 445 412 vatis
468 369 548 431 opus
571 369 677 414 morea
699 348 861 433 animique
883 349 1023 415 virorum

86 455 138 503 250
158 436 322 501 Clarorum
346 436 506 520 adparent.
546 435 616 501 Nec
638 458 801 501 semones
823 456 884 520 ego
908 437 1032 502 mallem

156 525 316 609 Repentes
338 546 395 608 per
416 523 551 587 humum
574 545 670 607 quam
692 546 743 589 res
767 545 946 609 conponere
969 530 1063 611 gestas

157 613 389 696 Terrarumque
412 612 494 676 situs
518 614 551 676 et
572 611 706 676 flumina
728 612 832 677 dicere
856 616 889 677 et
912 636 1000 678 arces

156 700 322 765 Montibus
344 700 501 784 inpositas
525 703 558 764 et
579 699 715 764 barbara
736 721 836 786 regna
858 700 989 785 tuisque

157 788 319 872 Auspiciis
342 791 448 852 totum
471 787 616 852 confecta
637 787 743 852 duella
764 811 822 872 per
845 789 957 854 orbem
1061 840 1062 845 η

88 892 139 942 265
159 875 367 960 Claustraque
391 875 554 940 custodem
576 876 664 959 pacis
687 875 869 941 cohibentia
891 874 1004 941 Ianum

158 964 204 1028 Et
224 964 429 1028 formidatam
450 962 579 1028 Parthis
602 967 634 1028 te
656 964 799 1048 principe
820 964 973 1049 Romam,

159 1050 193 1116 Si
208 1056 362 1136 quantum
379 1073 527 1135 cuperem
540 1073 668 1135 possem
683 1073 822 1137 quoque3
841 1053 897 1118 sed
911 1075 1013 1137 neque
1026 1073 1161 1138 parru-

158 1138 293 1204 Oarmen
314 1141 465 1204 maiestas
487 1140 602 1223 recipit
624 1143 693 1224 tua,
715 1161 773 1205 nec
795 1163 887 1206 meus
910 1142 1006 1206 audet

156 1226 238 1291 Rem
260 1232 417 1312 temptare
439 1228 543 1311 pudor
565 1249 661 1312 quam
683 1229 767 1292 vires
789 1228 872 1293 ferre
895 1232 1046 1294 recusent.

87 1333 139 1381 260
159 1313 318 1380 Sedulitas
341 1320 448 1381 autem
470 1315 569 1380 stulte
592 1337 687 1400 quem
710 1316 817 1400 diligit
839 1321 972 1402 urguet,

156 1403 330 1488 Praecipue
353 1426 425 1469 cum
449 1426 483 1468 se
505 1403 646 1468 numeris
669 1405 869 1469 commendat
892 1408 926 1469 et
948 1408 1022 1469 arte.

156 1491 263 1556 Discit
285 1492 369 1556 enim
392 1492 487 1556 citius
509 1492 718 1578 meminitque
740 1492 894 1558 libentius
917 1493 998 1557 illud

158 1578 251 1656 Quod
274 1580 359 1663 quis
369 1580 491 1644 deridet
514 1601 610 1664 quam
633 1580 719 1664 quod
740 1580 857 1664 probat
879 1585 912 1645 et
934 1584 1116 1646 veneratur..

157 1666 215 1733 Nil
237 1689 345 1733 moror
367 1668 508 1732 officium
513 1668 631 1769 ,quod
652 1690 703 1732 me
726 1672 851 1754 gravat,
874 1691 911 1734 ac
933 1691 1033 1754 noque
1052 1668 1121 1732 icto

88 1772 139 1821 265
157 1754 196 1819 In
218 1756 309 1840 peius
331 1756 422 1821 voltu
444 1756 581 1839 proponi
603 1777 710 1820 cereus
733 1778 869 1840 usquam

157 1843 226 1910 Nec
248 1866 344 1928 prave
366 1844 441 1907 fact'
418 1847 461 1908 trs
484 1843 626 1908 decorari
648 1843 793 1909 versibus
816 1849 907 1929 opto,

156 1931 207 1998 Nc
229 1932 360 1996 rubeam
382 1932 496 2016 pingui
519 1931 654 1996 donatus
676 1954 807 1997 munere
829 1936 862 1997 et
884 1954 950 1998 una

158 2018 238 2085 (lum
261 2021 416 2104 scriptore
438 2041 509 2084 meo
532 2041 628 2103 capsa
648 2023 813 2103 porrectus
838 2025 950 2105 operta

156 2107 291 2173 Deferar
312 2109 346 2172 in
368 2109 475 2172 vicum
498 2108 686 2172 vendentem
708 2112 761 2173 tus
784 2113 818 2173 et
840 2110 953 2174 odores

87 2197 201 2262 270212
223 2197 315 2280 piper
337 2200 370 2260 et
389 2196 543 2279 quidquid
565 2195 683 2260 chartis
707 2197 855 2262 amicitur
877 2197 1003 2282 ineptia

638 2512 678 2582 H.

154 2639 263 2724 Flore,
284 2641 369 2705 bono
393 2640 542 2724 claroque
563 2639 668 2705 fidelis
692 2641 791 2706 amice
813 2640 951 2726 Neroni,

157 2728 264 2812 Siquis
287 2729 369 2794 forte
392 2729 471 2793 velit
492 2749 628 2812 puerum
650 2729 711 2793 tibi
733 2729 868 2793 vendere
890 2734 1001 2794 natum

155 2817 273 2881 Tibure
295 2817 347 2882 vel
370 2816 480 2881 Gabiis
503 2820 535 2880 et
557 2820 664 2880 tecum
687 2817 733 2881 sio
756 2821 831 2901 agat
854 2816 973 2882 ‘hicet

130 2933 132 2937 ⁴
157 2903 316 2969 Candidus
340 2910 373 2969 et
394 2903 478 2968 talos
501 2925 520 2967 a
541 2904 659 2969 vertice
681 2904 813 2989 pulcher
836 2905 876 2968 ad
898 2905 980 2969 imos

121 3007 136 3056 5
155 2992 227 3057 Fiet
249 2994 373 3076 eritque
396 2996 471 3057 tuus
494 3014 697 3056 nummorum
720 2992 851 3057 milibus
874 2998 960 3077 octo,

155 3079 263 3145 Verna
285 3081 396 3145 minist
397 3080 471 3145 eriis
495 3079 534 3143 ad
557 3084 654 3144 nutus
677 3085 771 3164 aptus
795 3080 902 3165 eriles,

154 3167 322 3232 Litterulis
346 3167 475 3232 Graecis
498 3168 655 3251 imbutuS‚
678 3169 810 3233 idoneus
833 3169 896 3233 arti

157 3255 309 3321 Cuilibet:
333 3256 446 3340 argilla
470 3255 691 3340 quidvisimrt
668 3255 796 3321 'taberis
818 3257 894 3342 uda3

156 3343 241 3421 Quin
265 3343 361 3407 etiam
384 3348 475 3409 canet
497 3343 675 3427 indoctum,
698 3345 753 3408 sed
776 3345 867 3410 dulce
888 3343 1017 3410 bibenti.

104 3448 138 3496 10
155 3431 260 3496 Multa
282 3431 377 3495 fidem
400 3432 558 3516 promissa
580 3394 701 3516 levarit,
723 3433 780 3498 ubi
801 3433 927 3517 plenius
951 3451 1046 3515 aequo

154 3520 279 3586 Laudat
300 3518 427 3585 venales
452 3520 507 3604 qui
529 3519 598 3585 volt
620 3522 786 3585 extrudere
809 3543 943 3587 merces:
