2370 4028
494 214 693 270 CARMINVM

246 359 401 443 Dixitque
424 359 553 424 tandem
575 358 717 442 perfidus
740 354 928 426 Hannibal:

249 446 354 512 ‘Cervi
376 448 526 531 luporum
549 447 666 531 praeda
688 449 876 534 rapacium,

291 534 457 600 Sectamnr
479 536 579 620 ultro,
601 556 682 619 quos
707 536 840 619 opimus

334 623 458 689 Fallere
481 629 514 688 et
536 624 708 708 effugerent
728 625 930 709 triumphus.

249 789 347 874 Gens,
371 812 452 874 quae
476 794 615 855 cremato
637 790 732 855 fortis
755 791 798 855 ab
821 790 888 857 Ilio

248 877 370 942 lactata
391 878 504 943 Tuscis
528 878 720 963 aequoribus
743 901 837 944 sacra

290 966 458 1051 Natosque
481 970 687 1051 maturosque
709 971 820 1051 patres

335 1055 473 1119 Pertulit
495 1054 656 1119 Ausonias
679 1054 720 1119 ad
741 1056 855 1141 urbes,

246 1222 345 1286 Duris
368 1225 405 1286 ut
428 1221 493 1286 ilex
515 1225 609 1286 tonsa
630 1221 820 1306 bipinnibus

246 1310 368 1395 Nigrae
390 1310 488 1374 feraci
511 1310 633 1374 frondis
656 1310 690 1374 in
712 1308 849 1396 Algido,

291 1398 353 1463 Per
377 1398 504 1482 damna,
526 1420 583 1482 per
606 1398 717 1462 caedes
740 1400 780 1463 ab
804 1399 878 1484 ipso

335 1487 434 1551 Ducit
457 1508 533 1569 opes
557 1487 761 1570 animumque
783 1487 883 1553 ferro.

247 1653 322 1718 Non
344 1654 448 1739 hydra
471 1657 557 1719 secto
581 1675 712 1738 corpore
734 1655 862 1721 firmior

248 1741 344 1806 Vinci
368 1743 527 1807 dolentem
551 1743 651 1806 crevit
672 1743 706 1806 in
728 1741 919 1832 Herculem,

290 1830 511 1895 Monstrumve
534 1830 709 1895 submisere
732 1829 848 1897 Colchi

334 1917 440 1983 Maius
462 1918 677 1983 Echioniaeve
699 1917 838 1985 Thebae.

247 2086 367 2150 Merses
390 2087 561 2170 profundo,
584 2085 749 2170 pulchrior
770 2087 913 2174 †svenit;

246 2173 394 2259 Luctare,
417 2175 519 2239 multa
541 2175 667 2258 proruit
688 2175 853 2259 integrum

293 2260 372 2326 Cum
395 2262 488 2326 laude
515 2263 665 2327 rictorem
688 2263 836 2348 geritque

334 2349 461 2414 Proelia
484 2350 673 2434 coniugibus
696 2351 867 2435 loquenda.

248 2515 434 2601 Carthagini
456 2517 521 2580 iam
543 2539 608 2581 non
631 2538 690 2602 ego
713 2519 845 2583 nuntios

248 2604 377 2669 Mittam
401 2606 568 2688 superbos:
592 2606 720 2691 occidit,
743 2607 862 2672 occidit

291 2692 370 2777 Spes
394 2694 497 2758 omnis
521 2697 554 2758 et
575 2693 705 2758 fortuna
726 2695 829 2760 nostri

333 2780 484 2846 Nominis
506 2781 706 2847 Hasdrubale
729 2783 949 2869 interempto?

246 2947 304 3011 Nil
326 2947 475 3013 Claudiae
499 2971 563 3013 non
585 2950 755 3033 perficiunt
776 2972 908 3036 manus,

248 3035 332 3112 Quas
356 3041 389 3101 et
411 3037 550 3122 benigno
573 3039 703 3103 numine
725 3037 875 3123 Iuppiter

290 3125 441 3189 Defendit
464 3129 496 3190 et
520 3148 612 3190 curae
635 3147 764 3211 sagaces

333 3213 519 3298 Expediunt
540 3237 597 3298 per
620 3219 713 3279 acuta
734 3215 819 3282 belli.

510 3428 669 3438 -ω
