2370 4028
49 224 70 280 ι.
87 225 168 296 nn]
454 223 563 278 amaa
579 224 627 280 111.

165 366 279 432 Troiae
302 389 470 432 renascens
494 368 571 433 alite
593 367 725 453 lugubri

163 455 308 521 Fortuna
330 456 418 520 tristi
440 455 529 521 clade
552 456 722 522 iterabitur

208 544 354 609 Ducente
378 545 527 609 victrices
550 549 693 610 catervas

254 631 397 719 Coniuge
419 654 472 698 me
493 631 581 698 Iovis
604 638 637 699 et
660 655 777 700 sorore.

168 780 281 846 Tarsi
304 786 452 869 resurgat
472 803 585 846 murus
608 781 747 847 aheneus

165 867 307 935 Auctore
330 870 474 955 Phoebo,
498 875 548 936 ter
568 875 678 954 pereat
700 871 780 936 meis

209 958 349 1023 Excisus
372 957 518 1044 Argivis,
540 961 591 1024 ter
612 981 695 1023 uxor

255 1046 356 1131 Capta
376 1047 483 1112 virum
504 1068 685 1131 puerosque
706 1046 832 1131 ploret'

164 1194 240 1261 Non
262 1194 325 1260 hoc
346 1195 472 1261 iocosae
495 1196 663 1261 conveniet
684 1195 787 1280 lyrae:

167 1282 250 1368 Quo,
273 1282 379 1369 Musa,
401 1283 529 1348 tendis?
570 1282 688 1349 Desine
711 1285 862 1369 pervicax

210 1372 343 1437 Referre
366 1394 528 1437 sermones
552 1373 683 1437 deorum
707 1377 740 1437 et

254 1459 373 1546 Magna
395 1461 500 1525 modis
523 1465 655 1525 tenuare
676 1462 794 1545 parvis.

460 1708 620 1719 ---

505 1908 579 1974 ΠΗ.

192 2031 356 2097 Descende
380 2031 467 2096 caelo
491 2036 524 2096 et
546 2033 598 2097 dio
621 2053 680 2118 age
702 2033 784 2098 tibia

193 2119 318 2205 Regina
338 2120 473 2208 longum
497 2119 639 2204 Calliope
661 2121 775 2201 melos,

239 2207 301 2273 Seu
323 2229 402 2274 voce
423 2230 509 2272 nunc
531 2209 633 2273 mavis
657 2213 750 2275 acuta

282 2295 345 2362 Seu
367 2297 486 2361 fidibus
510 2296 695 2381 citharaque
717 2297 848 2363 Phoebi.

192 2443 336 2530 Auditis,
360 2468 401 2510 an
423 2468 475 2512 me
497 2446 582 2512 ludit
604 2447 751 2512 amabilis

193 2531 343 2598 Insania?
384 2533 508 2601 Audire
531 2539 564 2601 et
585 2535 697 2601 videor
718 2536 789 2619 pios
866 2564 868 2569 ·

236 2621 355 2686 Errare
377 2645 435 2707 per
456 2623 560 2709 lucos,
584 2645 734 2688 amoenae

284 2709 371 2787 Quos
394 2716 427 2776 et
450 2734 551 2796 aquae
574 2713 713 2777 subeunt
736 2715 768 2777 et
791 2733 895 2776 aurae.

192 2859 246 2927 Me
268 2861 434 2927 fabulosae
456 2861 594 2928 Volture
616 2862 651 2926 in
673 2860 781 2945 Apulo

192 2949 327 3016 Altricis
351 2953 442 3014 extra
463 2949 563 3015 limen
585 2949 741 3034 †Apuliae

236 3037 328 3104 Ludo
351 3038 585 3123 fatigatumque
609 3060 721 3103 somno

280 3125 407 3192 Fronde
430 3149 513 3192 nova
534 3149 670 3210 puerum
692 3126 859 3211 palumbes
965 3159 969 3169 ’

191 3272 326 3360 Texere,
348 3275 467 3340 mirum
491 3276 577 3360 quod
598 3276 684 3341 foret
706 3276 869 3361 omnibus,

194 3361 393 3448 Quicumque
417 3365 518 3430 celsae
541 3365 654 3429 nidum
676 3363 891 3430 Acherontiae

239 3449 411 3536 Saltusque
433 3453 591 3518 Bantinos
615 3457 648 3518 et
670 3475 782 3519 arvum

280 3540 405 3627 Pingue
429 3545 540 3606 tenent
562 3541 695 3607 humilis
717 3541 863 3627 Forenti,
