2370 4028
397 481 430 548 c.
450 480 640 549 svarour
661 479 930 558 ramorum

282 609 427 691 VITA
454 605 1000 708 Q.HORAT1FLAOOI.

226 857 259 928 Q.
277 858 420 919 Horatius
443 857 566 916 Flaccus
589 856 772 934 Venusinus,
794 858 895 932 patre,
918 858 954 915 ut
976 856 1041 932 ipse
1060 855 1147 932 tradit>

159 946 298 1007 libertino
329 948 360 1005 et
389 945 562 1006 auctionum
590 947 738 1021 coactore,
770 947 806 1004 nt
833 962 905 1004 vero
936 945 1079 1004 creditum
1103 948 1142 1020 est

160 1034 398 1110 salsamentario,
425 1033 503 1094 bello
530 1033 715 1109 Philippensi
742 1033 855 1092 excitus
883 1051 902 1091 a
928 1031 969 1090 M.
988 1032 1081 1092 Bruto
1103 1033 1141 1091 in·

128 1140 130 1147 ⁴
159 1125 296 1200 peratore
313 1121 452 1181 tribunus
470 1121 601 1180 militum
617 1121 740 1194 meruit3
758 1120 906 1196 victisque
923 1121 1061 1196 partibus
1074 1120 1142 1180 vem

159 1212 311 1287 inpetrata
328 1210 473 1286 scriptum
489 1209 693 1285 quaestorium
709 1208 891 1285 conparavit.
924 1227 960 1268 ac
975 1209 1069 1285 primo
1080 1209 1141 1267 biae

161 1299 270 1375 cenati,
292 1318 361 1359 mox
378 1298 517 1375 Augusto
537 1297 706 1356 insinuatus
728 1316 788 1358 non
809 1297 990 1357 mediocrem
1011 1298 1042 1356 in
1063 1297 1140 1356 ambo

159 1407 227 1446 rum
250 1386 381 1445 amicitia
403 1385 502 1446 locum
523 1385 629 1444 tenuit
667 1385 823 1444 Maecenas
846 1387 962 1462 quanto
986 1403 1070 1462 opere
1090 1404 1141 1444 em
1175 1458 1177 1469 Ι

161 1475 308 1550 dilexerit,
331 1474 404 1533 satis
425 1475 558 1533 testatur
579 1473 631 1534 illo
655 1474 881 1552 epigrammate:
1175 1480 1177 1487 '

387 1579 419 1633 ni
437 1581 466 1633 te
483 1577 637 1632 visceribus
655 1577 739 1647 meis,
757 1577 870 1646 Horati,

387 1649 451 1773 ffers
470 1648 528 1702 iam
546 1647 647 1718 diligo,
665 1651 698 1703 tu
716 1651 798 1703 tuum
815 1648 942 1705 sodalem

416 1735 493 1773 mmo
512 1719 609 1774 videas
628 1719 831 1789 strigosiorem3

161 1822 213 1882 sed
245 1823 341 1883 multo
374 1823 469 1900 magis
506 1823 642 1884 extremis
676 1823 794 1883 iudiciis
826 1824 883 1882 tali
917 1823 957 1882 ad
991 1825 1140 1904 Augustum

45 1970 48 1974 Α
161 1911 271 1988 elogio:
304 1905 424 1970 ‘Horati
445 1910 556 1987 Flacci,
584 1914 620 1971 ut
641 1912 713 1989 mei,
740 1914 804 1972 esto
828 1907 962 1972 memor?
1005 1913 1140 1992 Augustus

161 1999 358 2076 epistularum
381 2016 499 2074 qnoque
523 1999 551 2057 ci
573 1999 704 2060 officium
722 1999 844 2075 obtulit,
866 2004 903 2059 nt
920 2000 977 2061 hoc
994 2001 1033 2060 ad
1048 2000 1139 2060 Maece·

160 2089 261 2146 netem
288 2086 398 2162 scripto
421 2085 580 2164 signifieat:
608 2082 690 2146 ‘ante
712 2088 776 2164 ipse
798 2087 982 2147 sufficiebam
1003 2087 1139 2149 scribendis

161 2173 298 2251 epistulis
338 2172 517 2234 amicorum:
562 2194 640 2234 nunc
681 2176 924 2252 occupatissimus
964 2180 995 2236 et
1028 2176 1139 2236 infirnus

160 2261 321 2322 Horatium
346 2263 483 2321 nostrum
509 2280 527 2320 a
552 2266 582 2322 te
605 2263 692 2339 cupio
716 2262 868 2323 abducere.
909 2265 1010 2324 veniet
1030 2284 1093 2342 ergo
1109 2262 1137 2320 ab

161 2350 220 2408 ista
242 2348 403 2424 parasitica
424 2367 526 2408 mensa
550 2350 588 2409 ad
609 2351 685 2410 hanc
706 2352 820 2429 regiam
844 2354 875 2410 et
896 2370 950 2412 nos
973 2353 1005 2411 in
1026 2351 1136 2429 epistulis
1175 2354 1177 2423 J

161 2436 320 2496 scribendis
348 2433 523 2496 adiuvabit?
568 2456 603 2497 ac
629 2457 665 2497 ne
692 2439 842 2499 recusanti
870 2439 991 2516 quidem
1017 2444 1067 2501 aut
1089 2454 1134 2499 suc
1175 2430 1177 2435 ’

161 2525 275 2585 censuit
300 2525 460 2601 quicquam
478 2529 532 2584 aut
550 2527 711 2586 amicitiam
728 2545 814 2586 suam
831 2528 965 2605 ingerere
983 2528 1073 2589 desiit
1101 2544 1134 2585 ex-

161 2616 243 2673 stant
265 2613 424 2690 epistulae,
447 2631 463 2672 e
487 2613 594 2690 quibus
618 2614 786 2693 argumenti
808 2616 907 2693 gratia
923 2635 1021 2693 pauca
1037 2613 1133 2676 subieci:

162 2695 255 2760 ‘sume
283 2700 340 2760 tibi
364 2700 480 2777 aliquid
502 2701 575 2760 iuris
598 2702 679 2778 apud
700 2722 760 2780 me,
787 2705 943 2780 tamquam
965 2704 1134 2766 ciconum

160 2789 234 2847 mihi
261 2789 366 2863 fueris,
393 2791 474 2848 recte
501 2789 580 2848 enim
606 2793 637 2849 et
663 2810 723 2851 non
744 2794 854 2850 temere
876 2791 995 2869 feceris,
1022 2790 1133 2869 quonian

161 2875 193 2935 id
215 2895 286 2950 usus
308 2877 383 2936 mihi
404 2880 504 2936 tecum
526 2895 587 2937 esse
610 2878 705 2956 volui,
732 2879 758 2938 si
779 2897 833 2955 per
854 2880 1054 2940 valetudinem
1072 2882 1133 2939 mm

160 2963 226 3022 fieri
252 2960 366 3040 possit?
407 2968 437 3024 et
463 2983 579 3024 rursus:
612 2961 670 3025 ‘tui
696 2967 814 3042 qualem
835 2967 962 3027 habeam
983 2967 1133 3035 memorium,

161 3051 273 3127 poteris
296 3070 331 3111 ex
349 3051 493 3129 Septimio
517 3072 636 3130 quoque
658 3057 759 3115 nostro
780 3054 895 3130 audire3
918 3075 990 3115 nam
1006 3055 1098 3116 incidit
1109 3052 1134 3108 ut

161 3139 214 3199 illo
244 3158 343 3199 coram
371 3141 455 3200 ficret
484 3160 503 3199 a
531 3159 577 3199 me
607 3142 654 3200 tui
682 3143 801 3203 mentio.
845 3162 943 3220 neque
971 3145 1047 3204 enim
1070 3141 1134 3203 sibl

162 3226 306 3302 superbus
336 3228 498 3288 amicitiam
527 3232 660 3289 nostram
686 3231 837 3308 sprevisti,
867 3231 935 3293 ideo
963 3250 1016 3293 nos
1042 3242 1135 3308 quoquo
1175 3284 1177 3305 ,

162 3309 517 3391 ἀνθυπερηφανοῦμεν.’
563 3321 717 3393 praeterea
750 3337 838 3396 saepe
868 3320 947 3380 inter
979 3321 1051 3382 alios
1078 3319 1136 3378 ioco
1174 3310 1177 3377 ἶ

161 3402 353 3479 purissimum
375 3422 480 3479 penem
499 3407 529 3464 et
546 3405 772 3468 homuncionem
788 3406 1005 3483 lepidissimum
1021 3405 1137 3485 appellat

161 3509 280 3568 unaque
304 3492 335 3549 et
357 3491 451 3551 altera
474 3492 653 3553 liberalitate
673 3494 876 3571 locupletavit.
913 3496 1025 3573 scripta
1043 3493 1138 3573 quidem
