2370 4028
93 208 137 272 94
500 204 700 261 CARMINVM

202 351 325 416 Romae
347 350 501 435 principis
524 349 653 414 urbium

246 440 408 525 Dignatur
430 437 558 502 suboles
581 437 665 502 inter
688 437 860 506 amabiles

204 527 325 593 Vatum
347 549 464 612 ponere
487 548 539 613 me
562 524 689 609 choros,

247 616 378 680 Etiam
402 616 495 680 dente
517 614 624 678 minus
646 613 804 679 mordeor
829 616 953 681 invido.

205 764 231 829 0
255 765 426 831 testudinis
450 784 563 829 aureae

246 853 381 919 Dulcem
405 874 485 937 quae
508 850 692 934 strepitum,
714 848 823 937 Pieri,
848 857 1010 938 temperas,

204 939 230 1005 0
254 943 353 1006 mutis
377 962 504 1026 quoque
526 938 668 1024 piscibus

246 1030 413 1095 Donatura
436 1028 540 1113 cycni,
563 1027 591 1092 si
613 1026 726 1111 libeat,
749 1048 887 1113 sonum,

203 1179 321 1243 'Potum
343 1177 484 1242 muneris
507 1177 569 1242 hoc
591 1177 685 1261 tuist‚

248 1267 340 1345 Quod
361 1270 523 1331 monstror
546 1265 647 1350 digito
669 1268 949 1349 praetereuntium

202 1355 365 1420 Romanae
388 1354 503 1419 fidicen
524 1353 625 1436 lyrae:

248 1443 340 1520 Quod
363 1444 449 1526 spiro
473 1446 505 1506 et
526 1441 649 1526 plece0‚
672 1441 701 1505 si
722 1441 851 1528 placeo,
873 1447 995 1508 tuumst

561 1888 635 1954 1111.

226 2013 357 2091 Qualem
381 2013 565 2077 ministrum
587 2012 731 2077 fulminis
755 2013 880 2102 alitem,

225 2101 284 2166 Oui
307 2124 363 2166 rex
387 2102 518 2165 deorum
541 2121 675 2185 regnum
698 2100 731 2164 in
754 2124 830 2168 aves
853 2125 949 2191 vagas

268 2189 420 2254 Permisit
442 2194 592 2272 expertus
613 2189 741 2253 fidelem

312 2276 457 2361 Iuppiter
479 2279 513 2341 in
537 2275 719 2361 Ganymede
741 2278 839 2364 flavo,

225 2426 311 2491 Olim
334 2428 479 2491 iuventas
502 2431 535 2491 et
552 2426 680 2510 'patrius
702 2427 796 2512 vigor

224 2516 310 2582 Nido
332 2515 479 2579 laborum
502 2514 646 2598 propulit
667 2514 818 2601 inscium,

268 2603 430 2687 Vemique
453 2604 517 2666 iem
540 2603 659 2667 nimbis
682 2605 815 2669 remotis

312 2691 465 2756 Insolitcs
488 2691 622 2756 docuere
645 2691 735 2755 nisus

224 2841 323 2906 Venti
345 2845 527 2925 paventem,
550 2862 625 2905 mcx
648 2842 682 2905 in
706 2841 803 2906 ovilia

223 2929 362 2994 Demisit
384 2930 510 2993 hostem
533 2930 658 2993 vividus
682 2929 836 3015 impetus,

266 3017 362 3084 Nunc
385 3019 418 3082 in
441 3017 633 3082 reluctantes
656 3017 810 3083 dracones

310 3105 390 3190 Egit
412 3127 502 3169 amor
524 3104 614 3189 dapis
637 3110 733 3190 atque
755 3127 898 3194 pugnae3

224 3253 396 3330 Qualemve
418 3254 511 3319 laetis
535 3277 648 3338 caprea
669 3258 797 3340 pascuis

222 3340 351 3406 Intenta
372 3342 479 3407 fulvae
501 3344 614 3407 matris
637 3345 677 3408 ab
700 3345 798 3410 ubere

266 3427 335 3493 Iam
358 3429 458 3495 †lacte
477 3429 649 3515 'depulsum
672 3432 797 3497 leonem

310 3516 415 3583 Dente
438 3540 521 3583 novo
544 3520 687 3603 peritura
709 3521 803 3586 vidit:
