<?xml version="1.0" encoding="UTF-8"?>
<!DOCTYPE html PUBLIC "-//W3C//DTD XHTML 1.0 Transitional//EN"
    "http://www.w3.org/TR/xhtml1/DTD/xhtml1-transitional.dtd">
<html xmlns="http://www.w3.org/1999/xhtml" xml:lang="en" lang="en">
 <head>
  <title>
</title>
<meta http-equiv="Content-Type" content="text/html;charset=utf-8" />
  <meta name='ocr-system' content='tesseract 3.04.00' />
  <meta name='ocr-capabilities' content='ocr_page ocr_carea ocr_par ocr_line ocrx_word'/>
</head>
<body>
  <div class='ocr_page' id='page_1' title='image "./qhoratiusflacci01horagoog_0212.png"; bbox 0 0 2370 4028; ppageno 0'>
   <div class='ocr_carea' id='block_1_1' title="bbox 300 225 872 292">
    <p class='ocr_par' dir='ltr' id='par_1_1' title="bbox 300 225 872 292">
     <span class='ocr_line' id='line_1_1' title="bbox 300 225 872 292; baseline 0.003 -12"><span class='ocrx_word' id='word_1_1' title='bbox 300 225 408 280; x_wconf 82' lang='lat' dir='ltr'><strong>LIBER</strong></span> <span class='ocrx_word' id='word_1_2' title='bbox 424 226 445 282; x_wconf 80' lang='lat' dir='ltr'><strong>L</strong></span> <span class='ocrx_word' id='word_1_3' title='bbox 812 227 872 292; x_wconf 80' lang='lat'>151</span> 
     </span>
    </p>
   </div>
   <div class='ocr_carea' id='block_1_2' title="bbox 72 367 929 3619">
    <p class='ocr_par' dir='ltr' id='par_1_2' title="bbox 73 367 928 541">
     <span class='ocr_line' id='line_1_2' title="bbox 73 367 928 436; baseline 0.005 -4"><span class='ocrx_word' id='word_1_4' title='bbox 73 393 80 432; x_wconf 78' lang='lat' dir='ltr'>s</span> <span class='ocrx_word' id='word_1_5' title='bbox 103 368 300 433; x_wconf 71' lang='lat' dir='ltr'>minitarisi&#39;</span> <span class='ocrx_word' id='word_1_6' title='bbox 340 367 386 432; x_wconf 85' lang='lat' dir='ltr'>At</span> <span class='ocrx_word' id='word_1_7' title='bbox 408 368 456 433; x_wconf 94' lang='lat' dir='ltr'>illi</span> <span class='ocrx_word' id='word_1_8' title='bbox 478 369 571 433; x_wconf 87' lang='lat' dir='ltr'>foeda</span> <span class='ocrx_word' id='word_1_9' title='bbox 593 368 724 434; x_wconf 78' lang='lat' dir='ltr'>cicatrix</span> <span class='ocrx_word' id='word_1_10' title='bbox 893 387 928 436; x_wconf 82' lang='lat'>60</span> 
     </span>
     <span class='ocr_line' id='line_1_3' title="bbox 76 457 622 541; baseline 0.002 -21"><span class='ocrx_word' id='word_1_11' title='bbox 76 457 159 521; x_wconf 79' lang='lat' dir='ltr'>laevi</span> <span class='ocrx_word' id='word_1_12' title='bbox 181 457 320 521; x_wconf 88' lang='lat' dir='ltr'>frontem</span> <span class='ocrx_word' id='word_1_13' title='bbox 342 461 528 541; x_wconf 83' lang='lat' dir='ltr'>turpaverat</span> <span class='ocrx_word' id='word_1_14' title='bbox 550 457 622 521; x_wconf 87' lang='lat' dir='ltr'>oris.</span> 
     </span>
    </p>

    <p class='ocr_par' dir='ltr' id='par_1_3' title="bbox 73 544 843 718">
     <span class='ocr_line' id='line_1_4' title="bbox 92 544 843 630; baseline 0.003 -22"><span class='ocrx_word' id='word_1_15' title='bbox 92 545 126 608; x_wconf 91' lang='lat' dir='ltr'>in</span> <span class='ocrx_word' id='word_1_16' title='bbox 148 546 309 626; x_wconf 84' lang='lat' dir='ltr'><strong>morbum,</strong></span> <span class='ocrx_word' id='word_1_17' title='bbox 331 544 366 609; x_wconf 94' lang='lat' dir='ltr'>in</span> <span class='ocrx_word' id='word_1_18' title='bbox 388 545 503 610; x_wconf 89' lang='lat' dir='ltr'>faciem</span> <span class='ocrx_word' id='word_1_19' title='bbox 524 545 684 629; x_wconf 88' lang='lat' dir='ltr'>permulta</span> <span class='ocrx_word' id='word_1_20' title='bbox 706 546 843 630; x_wconf 88' lang='lat' dir='ltr'>iocatus,</span> 
     </span>
     <span class='ocr_line' id='line_1_5' title="bbox 73 630 592 718; baseline 0.004 -24"><span class='ocrx_word' id='word_1_21' title='bbox 73 633 191 696; x_wconf 83' lang='lat' dir='ltr'>alteret</span> <span class='ocrx_word' id='word_1_22' title='bbox 212 632 262 696; x_wconf 95' lang='lat' dir='ltr'>uti</span> <span class='ocrx_word' id='word_1_23' title='bbox 284 630 424 716; x_wconf 78' lang='lat' dir='ltr'>Cyclopa</span> <span class='ocrx_word' id='word_1_24' title='bbox 445 632 592 718; x_wconf 88' lang='lat' dir='ltr'>rogabat:</span> 
     </span>
    </p>

    <p class='ocr_par' dir='ltr' id='par_1_4' title="bbox 73 721 732 804">
     <span class='ocr_line' id='line_1_6' title="bbox 73 721 732 804; baseline 0.003 -21"><span class='ocrx_word' id='word_1_25' title='bbox 73 742 110 783; x_wconf 83' lang='lat' dir='ltr'>va</span> <span class='ocrx_word' id='word_1_26' title='bbox 133 725 188 784; x_wconf 87' lang='lat' dir='ltr'>aut</span> <span class='ocrx_word' id='word_1_27' title='bbox 210 721 340 804; x_wconf 79' lang='lat' dir='ltr'>tragicis</span> <span class='ocrx_word' id='word_1_28' title='bbox 363 741 443 804; x_wconf 91' lang='lat' dir='ltr'>opus</span> <span class='ocrx_word' id='word_1_29' title='bbox 466 743 536 786; x_wconf 88' lang='lat' dir='ltr'>esse</span> <span class='ocrx_word' id='word_1_30' title='bbox 559 721 732 785; x_wconf 77' lang='lat' dir='ltr'>cothurnis.</span> 
     </span>
    </p>

    <p class='ocr_par' dir='ltr' id='par_1_5' title="bbox 73 807 926 981">
     <span class='ocr_line' id='line_1_7' title="bbox 73 807 926 874; baseline 0.002 -3"><span class='ocrx_word' id='word_1_31' title='bbox 73 830 137 872; x_wconf 81' lang='lat' dir='ltr'>rrus</span> <span class='ocrx_word' id='word_1_32' title='bbox 161 807 201 871; x_wconf 86' lang='lat' dir='ltr'>ed</span> <span class='ocrx_word' id='word_1_33' title='bbox 222 807 313 872; x_wconf 87' lang='lat' dir='ltr'>haec:</span> <span class='ocrx_word' id='word_1_34' title='bbox 336 807 485 874; x_wconf 73' lang='lat' dir='ltr'>donasset</span> <span class='ocrx_word' id='word_1_35' title='bbox 507 809 612 873; x_wconf 88' lang='lat' dir='ltr'>iamne</span> <span class='ocrx_word' id='word_1_36' title='bbox 635 813 778 873; x_wconf 89' lang='lat' dir='ltr'>catenam</span> <span class='ocrx_word' id='word_1_37' title='bbox 893 825 926 873; x_wconf 79' lang='lat' dir='ltr'>oc</span> 
     </span>
     <span class='ocr_line' id='line_1_8' title="bbox 73 895 756 981; baseline 0.003 -22"><span class='ocrx_word' id='word_1_38' title='bbox 73 896 194 979; x_wconf 87' lang='lat' dir='ltr'>aribus,</span> <span class='ocrx_word' id='word_1_39' title='bbox 217 896 400 981; x_wconf 81' lang='lat' dir='ltr'>quaerebat3</span> <span class='ocrx_word' id='word_1_40' title='bbox 424 895 529 960; x_wconf 88' lang='lat' dir='ltr'>scriba</span> <span class='ocrx_word' id='word_1_41' title='bbox 552 896 637 980; x_wconf 93' lang='lat' dir='ltr'>quod</span> <span class='ocrx_word' id='word_1_42' title='bbox 660 901 756 981; x_wconf 84' lang='lat' dir='ltr'>esset,</span> 
     </span>
    </p>

    <p class='ocr_par' dir='ltr' id='par_1_6' title="bbox 73 983 615 1068">
     <span class='ocr_line' id='line_1_9' title="bbox 73 983 615 1068; baseline 0.004 -22"><span class='ocrx_word' id='word_1_43' title='bbox 73 1005 111 1047; x_wconf 92' lang='lat' dir='ltr'>us</span> <span class='ocrx_word' id='word_1_44' title='bbox 135 983 280 1047; x_wconf 89' lang='lat' dir='ltr'>dominae</span> <span class='ocrx_word' id='word_1_45' title='bbox 301 984 353 1048; x_wconf 92' lang='lat' dir='ltr'>ius</span> <span class='ocrx_word' id='word_1_46' title='bbox 376 1005 458 1048; x_wconf 84' lang='lat' dir='ltr'>esse:</span> <span class='ocrx_word' id='word_1_47' title='bbox 481 985 615 1068; x_wconf 88' lang='lat' dir='ltr'>rogabat</span> 
     </span>
    </p>

    <p class='ocr_par' dir='ltr' id='par_1_7' title="bbox 72 1071 719 1156">
     <span class='ocr_line' id='line_1_10' title="bbox 72 1071 719 1156; baseline 0.002 -22"><span class='ocrx_word' id='word_1_48' title='bbox 72 1093 112 1134; x_wconf 92' lang='lat' dir='ltr'>ur</span> <span class='ocrx_word' id='word_1_49' title='bbox 133 1093 285 1154; x_wconf 88' lang='lat' dir='ltr'>umquam</span> <span class='ocrx_word' id='word_1_50' title='bbox 307 1071 456 1156; x_wconf 79' lang='lat' dir='ltr'>fugisset,</span> <span class='ocrx_word' id='word_1_51' title='bbox 480 1072 532 1136; x_wconf 90' lang='lat' dir='ltr'>cui</span> <span class='ocrx_word' id='word_1_52' title='bbox 554 1073 633 1137; x_wconf 87' lang='lat' dir='ltr'>satis</span> <span class='ocrx_word' id='word_1_53' title='bbox 656 1094 719 1136; x_wconf 92' lang='lat' dir='ltr'>una</span> 
     </span>
    </p>

    <p class='ocr_par' dir='ltr' id='par_1_8' title="bbox 73 1158 707 1244">
     <span class='ocr_line' id='line_1_11' title="bbox 73 1158 707 1244; baseline 0.003 -22"><span class='ocrx_word' id='word_1_54' title='bbox 73 1158 203 1242; x_wconf 78' lang='lat' dir='ltr'>aforet,</span> <span class='ocrx_word' id='word_1_55' title='bbox 226 1159 338 1244; x_wconf 82' lang='lat' dir='ltr'>gracili</span> <span class='ocrx_word' id='word_1_56' title='bbox 360 1159 406 1224; x_wconf 89' lang='lat' dir='ltr'>sic</span> <span class='ocrx_word' id='word_1_57' title='bbox 428 1163 559 1243; x_wconf 90' lang='lat' dir='ltr'>tamque</span> <span class='ocrx_word' id='word_1_58' title='bbox 581 1159 707 1244; x_wconf 90' lang='lat' dir='ltr'>pusillo.</span> 
     </span>
    </p>

    <p class='ocr_par' dir='ltr' id='par_1_9' title="bbox 73 1246 926 1508">
     <span class='ocr_line' id='line_1_12' title="bbox 73 1246 926 1331; baseline 0.004 -21"><span class='ocrx_word' id='word_1_59' title='bbox 73 1246 168 1310; x_wconf 77' lang='lat' dir='ltr'>cunda</span> <span class='ocrx_word' id='word_1_60' title='bbox 191 1268 300 1311; x_wconf 89' lang='lat' dir='ltr'>cenam</span> <span class='ocrx_word' id='word_1_61' title='bbox 322 1248 527 1331; x_wconf 88' lang='lat' dir='ltr'>producimus</span> <span class='ocrx_word' id='word_1_62' title='bbox 550 1246 648 1311; x_wconf 88' lang='lat' dir='ltr'>illam.</span> <span class='ocrx_word' id='word_1_63' title='bbox 894 1264 926 1313; x_wconf 69' lang='grc' dir='ltr'>το</span> 
     </span>
     <span class='ocr_line' id='line_1_13' title="bbox 73 1333 874 1419; baseline 0.001 -22"><span class='ocrx_word' id='word_1_64' title='bbox 73 1333 146 1399; x_wconf 90' lang='lat' dir='ltr'>hinc</span> <span class='ocrx_word' id='word_1_65' title='bbox 167 1337 254 1398; x_wconf 89' lang='lat' dir='ltr'>recta</span> <span class='ocrx_word' id='word_1_66' title='bbox 274 1334 505 1419; x_wconf 82' lang='lat' dir='ltr'>Beneventum,</span> <span class='ocrx_word' id='word_1_67' title='bbox 528 1335 584 1399; x_wconf 95' lang='lat' dir='ltr'>ubi</span> <span class='ocrx_word' id='word_1_68' title='bbox 607 1335 736 1399; x_wconf 89' lang='lat' dir='ltr'>sedulus</span> <span class='ocrx_word' id='word_1_69' title='bbox 757 1334 874 1417; x_wconf 86' lang='lat' dir='ltr'>hospes</span> 
     </span>
     <span class='ocr_line' id='line_1_14' title="bbox 73 1422 746 1508; baseline 0.001 -22"><span class='ocrx_word' id='word_1_70' title='bbox 73 1444 124 1486; x_wconf 88' lang='lat' dir='ltr'>ros</span> <span class='ocrx_word' id='word_1_71' title='bbox 147 1422 226 1486; x_wconf 85' lang='lat' dir='ltr'>arsit</span> <span class='ocrx_word' id='word_1_72' title='bbox 248 1422 324 1485; x_wconf 92' lang='lat' dir='ltr'>dum</span> <span class='ocrx_word' id='word_1_73' title='bbox 346 1423 457 1487; x_wconf 90' lang='lat' dir='ltr'>turdos</span> <span class='ocrx_word' id='word_1_74' title='bbox 480 1426 587 1488; x_wconf 87' lang='lat' dir='ltr'>versat</span> <span class='ocrx_word' id='word_1_75' title='bbox 609 1423 643 1487; x_wconf 93' lang='lat' dir='ltr'>in</span> <span class='ocrx_word' id='word_1_76' title='bbox 665 1423 746 1508; x_wconf 90' lang='lat' dir='ltr'>igni:</span> 
     </span>
    </p>

    <p class='ocr_par' dir='ltr' id='par_1_10' title="bbox 84 1509 760 1594">
     <span class='ocr_line' id='line_1_15' title="bbox 84 1509 760 1594; baseline -0.001 -20"><span class='ocrx_word' id='word_1_77' title='bbox 84 1532 142 1594; x_wconf 87' lang='lat' dir='ltr'>per</span> <span class='ocrx_word' id='word_1_78' title='bbox 162 1513 303 1574; x_wconf 76' lang='lat' dir='ltr'>ueterem</span> <span class='ocrx_word' id='word_1_79' title='bbox 326 1509 447 1593; x_wconf 86' lang='lat' dir='ltr'>dilapso</span> <span class='ocrx_word' id='word_1_80' title='bbox 470 1511 599 1574; x_wconf 88' lang='lat' dir='ltr'>flamma</span> <span class='ocrx_word' id='word_1_81' title='bbox 622 1510 760 1575; x_wconf 91' lang='lat' dir='ltr'>culinam</span> 
     </span>
    </p>

    <p class='ocr_par' dir='ltr' id='par_1_11' title="bbox 73 1597 725 1681">
     <span class='ocr_line' id='line_1_16' title="bbox 73 1597 725 1681; baseline 0.002 -19"><span class='ocrx_word' id='word_1_82' title='bbox 73 1619 201 1662; x_wconf 70' lang='lat' dir='ltr'>immum</span> <span class='ocrx_word' id='word_1_83' title='bbox 223 1599 414 1681; x_wconf 85' lang='lat' dir='ltr'>properabat</span> <span class='ocrx_word' id='word_1_84' title='bbox 435 1597 574 1662; x_wconf 88' lang='lat' dir='ltr'>lambere</span> <span class='ocrx_word' id='word_1_85' title='bbox 597 1602 725 1663; x_wconf 89' lang='lat' dir='ltr'>tectum.</span> 
     </span>
    </p>

    <p class='ocr_par' dir='ltr' id='par_1_12' title="bbox 73 1686 927 1858">
     <span class='ocr_line' id='line_1_17' title="bbox 73 1686 927 1769; baseline 0 -19"><span class='ocrx_word' id='word_1_86' title='bbox 73 1686 165 1750; x_wconf 75' lang='lat' dir='ltr'>uidos</span> <span class='ocrx_word' id='word_1_87' title='bbox 189 1707 298 1750; x_wconf 89' lang='lat' dir='ltr'>cenam</span> <span class='ocrx_word' id='word_1_88' title='bbox 321 1707 491 1769; x_wconf 85' lang='lat' dir='ltr'>servosque</span> <span class='ocrx_word' id='word_1_89' title='bbox 514 1686 665 1750; x_wconf 88' lang='lat' dir='ltr'>timentes</span> <span class='ocrx_word' id='word_1_90' title='bbox 895 1702 927 1752; x_wconf 77' lang='lat'>75</span> 
     </span>
     <span class='ocr_line' id='line_1_18' title="bbox 73 1773 819 1858; baseline -0.001 -20"><span class='ocrx_word' id='word_1_91' title='bbox 73 1796 90 1838; x_wconf 87' lang='lat' dir='ltr'>a</span> <span class='ocrx_word' id='word_1_92' title='bbox 113 1776 207 1857; x_wconf 85' lang='lat' dir='ltr'>atque</span> <span class='ocrx_word' id='word_1_93' title='bbox 231 1793 341 1838; x_wconf 90' lang='lat' dir='ltr'>omnes</span> <span class='ocrx_word' id='word_1_94' title='bbox 364 1773 561 1858; x_wconf 88' lang='lat' dir='ltr'>restinguere</span> <span class='ocrx_word' id='word_1_95' title='bbox 583 1773 665 1839; x_wconf 87' lang='lat' dir='ltr'>velle</span> <span class='ocrx_word' id='word_1_96' title='bbox 687 1774 819 1838; x_wconf 87' lang='lat' dir='ltr'>videres.</span> 
     </span>
    </p>

    <p class='ocr_par' dir='ltr' id='par_1_13' title="bbox 77 1859 538 1945">
     <span class='ocr_line' id='line_1_19' title="bbox 77 1859 538 1945; baseline 0 -20"><span class='ocrx_word' id='word_1_97' title='bbox 77 1860 133 1925; x_wconf 91' lang='lat' dir='ltr'>illo</span> <span class='ocrx_word' id='word_1_98' title='bbox 155 1864 281 1925; x_wconf 91' lang='lat' dir='ltr'>montes</span> <span class='ocrx_word' id='word_1_99' title='bbox 303 1859 423 1945; x_wconf 84' lang='lat' dir='ltr'>Apulia</span> <span class='ocrx_word' id='word_1_100' title='bbox 443 1865 538 1925; x_wconf 91' lang='lat' dir='ltr'>notos</span> 
     </span>
    </p>

    <p class='ocr_par' dir='ltr' id='par_1_14' title="bbox 73 1947 795 2121">
     <span class='ocr_line' id='line_1_20' title="bbox 73 1947 727 2033; baseline 0.002 -21"><span class='ocrx_word' id='word_1_101' title='bbox 73 1949 160 2032; x_wconf 88' lang='lat' dir='ltr'>mihi,</span> <span class='ocrx_word' id='word_1_102' title='bbox 184 1971 264 2033; x_wconf 89' lang='lat' dir='ltr'>quos</span> <span class='ocrx_word' id='word_1_103' title='bbox 286 1952 388 2014; x_wconf 88' lang='lat' dir='ltr'>torret</span> <span class='ocrx_word' id='word_1_104' title='bbox 409 1947 569 2013; x_wconf 80' lang='lat' dir='ltr'>Atabulus</span> <span class='ocrx_word' id='word_1_105' title='bbox 592 1952 625 2013; x_wconf 90' lang='lat' dir='ltr'>et</span> <span class='ocrx_word' id='word_1_106' title='bbox 647 1970 727 2032; x_wconf 87' lang='lat' dir='ltr'>quoa</span> 
     </span>
     <span class='ocr_line' id='line_1_21' title="bbox 82 2035 795 2121; baseline -0.001 -20"><span class='ocrx_word' id='word_1_107' title='bbox 82 2059 277 2121; x_wconf 82' lang='lat' dir='ltr'>erepsemus,</span> <span class='ocrx_word' id='word_1_108' title='bbox 299 2037 362 2102; x_wconf 88' lang='lat' dir='ltr'>nisi</span> <span class='ocrx_word' id='word_1_109' title='bbox 384 2058 443 2101; x_wconf 90' lang='lat' dir='ltr'>nos</span> <span class='ocrx_word' id='word_1_110' title='bbox 465 2037 571 2101; x_wconf 77' lang='lat' dir='ltr'>vicina</span> <span class='ocrx_word' id='word_1_111' title='bbox 593 2035 711 2101; x_wconf 84' lang='lat' dir='ltr'>Trivici</span> <span class='ocrx_word' id='word_1_112' title='bbox 791 2046 795 2054; x_wconf 79' lang='grc'><strong><em>’</em></strong></span> 
     </span>
    </p>

    <p class='ocr_par' dir='ltr' id='par_1_15' title="bbox 73 2124 928 2278">
     <span class='ocr_line' id='line_1_22' title="bbox 73 2124 928 2209; baseline 0.007 -23"><span class='ocrx_word' id='word_1_113' title='bbox 73 2126 156 2189; x_wconf 76' lang='lat' dir='ltr'>»isset</span> <span class='ocrx_word' id='word_1_114' title='bbox 177 2124 346 2189; x_wconf 89' lang='lat' dir='ltr'>lacrimoso</span> <span class='ocrx_word' id='word_1_115' title='bbox 369 2146 434 2189; x_wconf 91' lang='lat' dir='ltr'>non</span> <span class='ocrx_word' id='word_1_116' title='bbox 456 2125 525 2190; x_wconf 84' lang='lat' dir='ltr'>sine</span> <span class='ocrx_word' id='word_1_117' title='bbox 547 2125 651 2209; x_wconf 84' lang='lat' dir='ltr'>fumo,</span> <span class='ocrx_word' id='word_1_118' title='bbox 893 2143 928 2192; x_wconf 85' lang='lat'>80</span> 
     </span>
     <span class='ocr_line' id='line_1_23' title="bbox 81 2212 587 2278; baseline 0 -2"><span class='ocrx_word' id='word_1_119' title='bbox 81 2212 169 2278; x_wconf 85' lang='lat' dir='ltr'>foliis</span> <span class='ocrx_word' id='word_1_120' title='bbox 191 2234 296 2277; x_wconf 88' lang='lat' dir='ltr'>ramos</span> <span class='ocrx_word' id='word_1_121' title='bbox 318 2216 431 2277; x_wconf 90' lang='lat' dir='ltr'>urente</span> <span class='ocrx_word' id='word_1_122' title='bbox 454 2212 587 2278; x_wconf 89' lang='lat' dir='ltr'>camino.</span> 
     </span>
    </p>

    <p class='ocr_par' dir='ltr' id='par_1_16' title="bbox 73 2299 741 2384">
     <span class='ocr_line' id='line_1_24' title="bbox 73 2299 741 2384; baseline 0 -20"><span class='ocrx_word' id='word_1_123' title='bbox 73 2300 225 2365; x_wconf 80' lang='lat' dir='ltr'>‚audacem</span> <span class='ocrx_word' id='word_1_124' title='bbox 247 2300 457 2365; x_wconf 87' lang='lat' dir='ltr'>stultissimus</span> <span class='ocrx_word' id='word_1_125' title='bbox 479 2323 580 2384; x_wconf 85' lang='lat' dir='ltr'>usque</span> <span class='ocrx_word' id='word_1_126' title='bbox 602 2299 741 2384; x_wconf 86' lang='lat' dir='ltr'>puellam</span> 
     </span>
    </p>

    <p class='ocr_par' dir='ltr' id='par_1_17' title="bbox 73 2388 829 2542">
     <span class='ocr_line' id='line_1_25' title="bbox 73 2388 829 2473; baseline 0 -21"><span class='ocrx_word' id='word_1_127' title='bbox 73 2410 86 2452; x_wconf 93' lang='lat'>1</span> <span class='ocrx_word' id='word_1_128' title='bbox 108 2393 234 2454; x_wconf 91' lang='lat' dir='ltr'>noctem</span> <span class='ocrx_word' id='word_1_129' title='bbox 257 2392 419 2473; x_wconf 84' lang='lat' dir='ltr'>exspect03</span> <span class='ocrx_word' id='word_1_130' title='bbox 441 2410 572 2453; x_wconf 91' lang='lat' dir='ltr'>somnus</span> <span class='ocrx_word' id='word_1_131' title='bbox 595 2392 702 2453; x_wconf 90' lang='lat' dir='ltr'>tamen</span> <span class='ocrx_word' id='word_1_132' title='bbox 725 2388 829 2452; x_wconf 79' lang='lat' dir='ltr'>aufert</span> 
     </span>
     <span class='ocr_line' id='line_1_26' title="bbox 73 2476 693 2542; baseline -0.005 0"><span class='ocrx_word' id='word_1_133' title='bbox 73 2476 182 2542; x_wconf 73' lang='lat' dir='ltr'>reneri:</span> <span class='ocrx_word' id='word_1_134' title='bbox 204 2480 275 2540; x_wconf 92' lang='lat' dir='ltr'>tum</span> <span class='ocrx_word' id='word_1_135' title='bbox 297 2476 452 2541; x_wconf 91' lang='lat' dir='ltr'>inmundo</span> <span class='ocrx_word' id='word_1_136' title='bbox 475 2476 600 2540; x_wconf 88' lang='lat' dir='ltr'>somnia</span> <span class='ocrx_word' id='word_1_137' title='bbox 621 2477 693 2540; x_wconf 74' lang='lat' dir='ltr'>visu</span> 
     </span>
    </p>

    <p class='ocr_par' dir='ltr' id='par_1_18' title="bbox 73 2563 928 2737">
     <span class='ocr_line' id='line_1_27' title="bbox 94 2563 928 2648; baseline 0.002 -19"><span class='ocrx_word' id='word_1_138' title='bbox 94 2568 215 2629; x_wconf 87' lang='lat' dir='ltr'>vestem</span> <span class='ocrx_word' id='word_1_139' title='bbox 237 2564 400 2629; x_wconf 85' lang='lat' dir='ltr'>maculant</span> <span class='ocrx_word' id='word_1_140' title='bbox 420 2568 626 2647; x_wconf 80' lang='lat' dir='ltr'>ventremque</span> <span class='ocrx_word' id='word_1_141' title='bbox 649 2563 808 2648; x_wconf 92' lang='lat' dir='ltr'>supinum.</span> <span class='ocrx_word' id='word_1_142' title='bbox 894 2582 928 2631; x_wconf 80' lang='lat'>85</span> 
     </span>
     <span class='ocr_line' id='line_1_28' title="bbox 73 2651 738 2737; baseline 0 -21"><span class='ocrx_word' id='word_1_143' title='bbox 73 2652 131 2717; x_wconf 87' lang='lat' dir='ltr'>u&#39;nc</span> <span class='ocrx_word' id='word_1_144' title='bbox 152 2653 295 2736; x_wconf 89' lang='lat' dir='ltr'>rapimur</span> <span class='ocrx_word' id='word_1_145' title='bbox 317 2652 434 2737; x_wconf 83' lang='lat' dir='ltr'>viginti</span> <span class='ocrx_word' id='word_1_146' title='bbox 457 2656 489 2717; x_wconf 91' lang='lat' dir='ltr'>et</span> <span class='ocrx_word' id='word_1_147' title='bbox 510 2651 600 2716; x_wconf 89' lang='lat' dir='ltr'>milia</span> <span class='ocrx_word' id='word_1_148' title='bbox 621 2652 738 2734; x_wconf 86' lang='lat' dir='ltr'>raedis,</span> 
     </span>
    </p>

    <p class='ocr_par' dir='ltr' id='par_1_19' title="bbox 73 2740 730 2824">
     <span class='ocr_line' id='line_1_29' title="bbox 73 2740 730 2824; baseline -0.002 -20"><span class='ocrx_word' id='word_1_149' title='bbox 73 2740 207 2824; x_wconf 72' lang='lat' dir='ltr'>&gt;pidulo‚</span> <span class='ocrx_word' id='word_1_150' title='bbox 231 2741 316 2824; x_wconf 93' lang='lat' dir='ltr'>quod</span> <span class='ocrx_word' id='word_1_151' title='bbox 338 2761 433 2806; x_wconf 88' lang='lat' dir='ltr'>versu</span> <span class='ocrx_word' id='word_1_152' title='bbox 457 2740 559 2804; x_wconf 89' lang='lat' dir='ltr'>dicere</span> <span class='ocrx_word' id='word_1_153' title='bbox 581 2761 646 2803; x_wconf 90' lang='lat' dir='ltr'>non</span> <span class='ocrx_word' id='word_1_154' title='bbox 668 2743 730 2824; x_wconf 84' lang='lat' dir='ltr'>est,</span> 
     </span>
    </p>

    <p class='ocr_par' dir='ltr' id='par_1_20' title="bbox 73 2828 617 2893">
     <span class='ocr_line' id='line_1_30' title="bbox 73 2828 617 2893; baseline -0.006 0"><span class='ocrx_word' id='word_1_155' title='bbox 73 2828 200 2893; x_wconf 79' lang='lat' dir='ltr'>:acilestz</span> <span class='ocrx_word' id='word_1_156' title='bbox 222 2828 311 2893; x_wconf 90' lang='lat' dir='ltr'>venit</span> <span class='ocrx_word' id='word_1_157' title='bbox 332 2828 489 2893; x_wconf 85' lang='lat' dir='ltr'>vilissima</span> <span class='ocrx_word' id='word_1_158' title='bbox 510 2849 617 2892; x_wconf 88' lang='lat' dir='ltr'>rerum</span> 
     </span>
    </p>

    <p class='ocr_par' dir='ltr' id='par_1_21' title="bbox 76 2913 740 3001">
     <span class='ocr_line' id='line_1_31' title="bbox 76 2913 740 3001; baseline -0.002 -21"><span class='ocrx_word' id='word_1_159' title='bbox 76 2916 132 2980; x_wconf 88' lang='lat' dir='ltr'>sed</span> <span class='ocrx_word' id='word_1_160' title='bbox 153 2916 245 3000; x_wconf 89' lang='lat' dir='ltr'>panis</span> <span class='ocrx_word' id='word_1_161' title='bbox 267 2916 363 3001; x_wconf 88' lang='lat' dir='ltr'>longe</span> <span class='ocrx_word' id='word_1_162' title='bbox 384 2916 632 3000; x_wconf 85' lang='lat' dir='ltr'>pulcherrimus,</span> <span class='ocrx_word' id='word_1_163' title='bbox 654 2913 740 2979; x_wconf 91' lang='lat' dir='ltr'>ultra</span> 
     </span>
    </p>

    <p class='ocr_par' dir='ltr' id='par_1_22' title="bbox 73 3003 929 3177">
     <span class='ocr_line' id='line_1_32' title="bbox 73 3003 929 3088; baseline 0.006 -24"><span class='ocrx_word' id='word_1_164' title='bbox 73 3027 76 3064; x_wconf 78' lang='grc'><strong>;</strong></span> <span class='ocrx_word' id='word_1_165' title='bbox 97 3004 199 3069; x_wconf 85' lang='lat' dir='ltr'>soleat</span> <span class='ocrx_word' id='word_1_166' title='bbox 220 3005 339 3069; x_wconf 89' lang='lat' dir='ltr'>umeris</span> <span class='ocrx_word' id='word_1_167' title='bbox 362 3008 490 3088; x_wconf 86' lang='lat' dir='ltr'>portare</span> <span class='ocrx_word' id='word_1_168' title='bbox 512 3003 625 3068; x_wconf 86' lang='lat' dir='ltr'>viator.</span> <span class='ocrx_word' id='word_1_169' title='bbox 894 3020 929 3069; x_wconf 81' lang='lat'>90</span> 
     </span>
     <span class='ocr_line' id='line_1_33' title="bbox 73 3090 732 3177; baseline -0.003 -22"><span class='ocrx_word' id='word_1_170' title='bbox 73 3091 100 3156; x_wconf 91' lang='lat' dir='ltr'>si</span> <span class='ocrx_word' id='word_1_171' title='bbox 122 3092 298 3177; x_wconf 84' lang='lat' dir='ltr'>lapidosus,</span> <span class='ocrx_word' id='word_1_172' title='bbox 322 3115 422 3176; x_wconf 91' lang='lat' dir='ltr'>aquae</span> <span class='ocrx_word' id='word_1_173' title='bbox 444 3114 509 3157; x_wconf 90' lang='lat' dir='ltr'>non</span> <span class='ocrx_word' id='word_1_174' title='bbox 533 3090 630 3154; x_wconf 90' lang='lat' dir='ltr'>ditior</span> <span class='ocrx_word' id='word_1_175' title='bbox 651 3112 732 3154; x_wconf 88' lang='lat' dir='ltr'>urna</span> 
     </span>
    </p>

    <p class='ocr_par' dir='ltr' id='par_1_23' title="bbox 86 3177 706 3262">
     <span class='ocr_line' id='line_1_34' title="bbox 86 3177 706 3262; baseline -0.002 -19"><span class='ocrx_word' id='word_1_176' title='bbox 86 3202 105 3243; x_wconf 99' lang='lat' dir='ltr'>a</span> <span class='ocrx_word' id='word_1_177' title='bbox 125 3181 203 3245; x_wconf 84' lang='lat' dir='ltr'>forti</span> <span class='ocrx_word' id='word_1_178' title='bbox 225 3180 412 3245; x_wconf 88' lang='lat' dir='ltr'>Diomedest</span> <span class='ocrx_word' id='word_1_179' title='bbox 434 3179 581 3245; x_wconf 90' lang='lat' dir='ltr'>conditus</span> <span class='ocrx_word' id='word_1_180' title='bbox 604 3177 706 3262; x_wconf 90' lang='lat' dir='ltr'>olim].</span> 
     </span>
    </p>

    <p class='ocr_par' dir='ltr' id='par_1_24' title="bbox 73 3266 716 3333">
     <span class='ocr_line' id='line_1_35' title="bbox 73 3266 716 3333; baseline -0.003 -1"><span class='ocrx_word' id='word_1_181' title='bbox 73 3269 115 3333; x_wconf 84' lang='lat' dir='ltr'>ric</span> <span class='ocrx_word' id='word_1_182' title='bbox 137 3267 255 3333; x_wconf 91' lang='lat' dir='ltr'>Varius</span> <span class='ocrx_word' id='word_1_183' title='bbox 279 3268 412 3333; x_wconf 88' lang='lat' dir='ltr'>discedit</span> <span class='ocrx_word' id='word_1_184' title='bbox 434 3271 574 3331; x_wconf 87' lang='lat' dir='ltr'>maestus</span> <span class='ocrx_word' id='word_1_185' title='bbox 597 3266 716 3330; x_wconf 90' lang='lat' dir='ltr'>amicis.</span> 
     </span>
    </p>

    <p class='ocr_par' dir='ltr' id='par_1_25' title="bbox 73 3354 710 3441">
     <span class='ocr_line' id='line_1_36' title="bbox 73 3354 710 3441; baseline -0.003 -21"><span class='ocrx_word' id='word_1_186' title='bbox 73 3379 83 3420; x_wconf 81' lang='lat' dir='ltr'>s</span> <span class='ocrx_word' id='word_1_187' title='bbox 105 3357 182 3422; x_wconf 85' lang='lat' dir='ltr'>fessi</span> <span class='ocrx_word' id='word_1_188' title='bbox 204 3358 420 3441; x_wconf 82' lang='lat' dir='ltr'>pervenimus,</span> <span class='ocrx_word' id='word_1_189' title='bbox 443 3359 555 3439; x_wconf 91' lang='lat' dir='ltr'>utpote</span> <span class='ocrx_word' id='word_1_190' title='bbox 577 3354 710 3439; x_wconf 91' lang='lat' dir='ltr'>longum</span> 
     </span>
    </p>

    <p class='ocr_par' dir='ltr' id='par_1_26' title="bbox 73 3443 928 3619">
     <span class='ocr_line' id='line_1_37' title="bbox 73 3443 928 3528; baseline -0.004 -19"><span class='ocrx_word' id='word_1_191' title='bbox 73 3445 130 3509; x_wconf 88' lang='lat' dir='ltr'>iter</span> <span class='ocrx_word' id='word_1_192' title='bbox 152 3449 184 3510; x_wconf 88' lang='lat' dir='ltr'>et</span> <span class='ocrx_word' id='word_1_193' title='bbox 205 3446 327 3510; x_wconf 84' lang='lat' dir='ltr'>factum</span> <span class='ocrx_word' id='word_1_194' title='bbox 351 3444 531 3528; x_wconf 88' lang='lat' dir='ltr'>corruptius</span> <span class='ocrx_word' id='word_1_195' title='bbox 554 3443 658 3508; x_wconf 90' lang='lat' dir='ltr'>imbri.</span> <span class='ocrx_word' id='word_1_196' title='bbox 894 3458 928 3507; x_wconf 81' lang='lat'>95</span> 
     </span>
     <span class='ocr_line' id='line_1_38' title="bbox 73 3532 721 3619; baseline -0.003 -22"><span class='ocrx_word' id='word_1_197' title='bbox 73 3537 200 3617; x_wconf 88' lang='lat' dir='ltr'>npastas</span> <span class='ocrx_word' id='word_1_198' title='bbox 223 3533 349 3619; x_wconf 87' lang='lat' dir='ltr'>melior,</span> <span class='ocrx_word' id='word_1_199' title='bbox 371 3533 424 3597; x_wconf 83' lang='lat' dir='ltr'>via</span> <span class='ocrx_word' id='word_1_200' title='bbox 445 3532 536 3615; x_wconf 88' lang='lat' dir='ltr'>peior</span> <span class='ocrx_word' id='word_1_201' title='bbox 559 3532 598 3596; x_wconf 87' lang='lat' dir='ltr'>ad</span> <span class='ocrx_word' id='word_1_202' title='bbox 620 3552 721 3616; x_wconf 88' lang='lat' dir='ltr'>usqua</span> 
     </span>
    </p>
   </div>
   <div class='ocr_carea' id='block_1_3' title="bbox 0 0 1191 4028">
    <p class='ocr_par' dir='ltr' id='par_1_27' title="bbox 0 0 1191 4028">
     <span class='ocr_line' id='line_1_39' title="bbox 0 0 1191 4028; baseline 0 0"><span class='ocrx_word' id='word_1_203' title='bbox 0 0 1191 4028; x_wconf 95' lang='lat' dir='ltr'> </span> 
     </span>
    </p>
   </div>
  </div>
 </body>
</html>
