<?xml version="1.0" encoding="UTF-8"?>
<!DOCTYPE html PUBLIC "-//W3C//DTD XHTML 1.0 Transitional//EN"
    "http://www.w3.org/TR/xhtml1/DTD/xhtml1-transitional.dtd">
<html xmlns="http://www.w3.org/1999/xhtml" xml:lang="en" lang="en">
 <head>
  <title>
</title>
<meta http-equiv="Content-Type" content="text/html;charset=utf-8" />
  <meta name='ocr-system' content='tesseract 3.04.00' />
  <meta name='ocr-capabilities' content='ocr_page ocr_carea ocr_par ocr_line ocrx_word'/>
</head>
<body>
  <div class='ocr_page' id='page_1' title='image "./qhoratiusflacci01horagoog_0095.png"; bbox 0 0 2370 4028; ppageno 0'>
   <div class='ocr_carea' id='block_1_1' title="bbox 494 169 854 250">
    <p class='ocr_par' dir='ltr' id='par_1_1' title="bbox 494 169 854 250">
     <span class='ocr_line' id='line_1_1' title="bbox 494 169 854 250; baseline -0.003 0"><span class='ocrx_word' id='word_1_1' title='bbox 494 169 854 250; x_wconf 76' lang='lat' dir='ltr'>casinum·</span> 
     </span>
    </p>
   </div>
   <div class='ocr_carea' id='block_1_2' title="bbox 247 337 858 599">
    <p class='ocr_par' dir='ltr' id='par_1_2' title="bbox 247 337 858 599">
     <span class='ocr_line' id='line_1_2' title="bbox 247 337 858 423; baseline -0.003 -19"><span class='ocrx_word' id='word_1_2' title='bbox 247 338 328 404; x_wconf 93' lang='lat' dir='ltr'>Iuno</span> <span class='ocrx_word' id='word_1_3' title='bbox 352 343 384 404; x_wconf 92' lang='lat' dir='ltr'>et</span> <span class='ocrx_word' id='word_1_4' title='bbox 406 340 537 404; x_wconf 90' lang='lat' dir='ltr'>deorum</span> <span class='ocrx_word' id='word_1_5' title='bbox 561 339 706 423; x_wconf 89' lang='lat' dir='ltr'>quisquis</span> <span class='ocrx_word' id='word_1_6' title='bbox 725 337 858 402; x_wconf 81' lang='lat' dir='ltr'>amicior</span> 
     </span>
     <span class='ocr_line' id='line_1_3' title="bbox 248 427 793 509; baseline -0.004 -17"><span class='ocrx_word' id='word_1_7' title='bbox 248 427 337 492; x_wconf 85' lang='lat' dir='ltr'>Afris</span> <span class='ocrx_word' id='word_1_8' title='bbox 360 427 464 492; x_wconf 88' lang='lat' dir='ltr'>inulta</span> <span class='ocrx_word' id='word_1_9' title='bbox 486 431 623 491; x_wconf 73' lang='lat' dir='ltr'>cesserat</span> <span class='ocrx_word' id='word_1_10' title='bbox 645 427 793 509; x_wconf 86' lang='lat' dir='ltr'>inpotens</span> 
     </span>
     <span class='ocr_line' id='line_1_4' title="bbox 293 515 768 599; baseline -0.004 -19"><span class='ocrx_word' id='word_1_11' title='bbox 293 516 433 599; x_wconf 80' lang='lat' dir='ltr'>Tellure,</span> <span class='ocrx_word' id='word_1_12' title='bbox 455 515 613 580; x_wconf 85' lang='lat' dir='ltr'>victorum</span> <span class='ocrx_word' id='word_1_13' title='bbox 635 518 768 598; x_wconf 75' lang='lat' dir='ltr'>nepotes</span> 
     </span>
    </p>
   </div>
   <div class='ocr_carea' id='block_1_3' title="bbox 336 601 833 688">
    <p class='ocr_par' dir='ltr' id='par_1_3' title="bbox 336 601 833 688">
     <span class='ocr_line' id='line_1_5' title="bbox 336 601 833 688; baseline -0.004 -19"><span class='ocrx_word' id='word_1_14' title='bbox 336 604 476 669; x_wconf 74' lang='lat' dir='ltr'>Rettulit</span> <span class='ocrx_word' id='word_1_15' title='bbox 499 603 627 667; x_wconf 85' lang='lat' dir='ltr'>inferias</span> <span class='ocrx_word' id='word_1_16' title='bbox 649 601 833 688; x_wconf 68' lang='lat' dir='ltr'>Iugurthae.</span> 
     </span>
    </p>
   </div>
   <div class='ocr_carea' id='block_1_4' title="bbox 250 751 906 1100">
    <p class='ocr_par' dir='ltr' id='par_1_4' title="bbox 250 751 906 1100">
     <span class='ocr_line' id='line_1_6' title="bbox 250 751 906 838; baseline -0.002 -21"><span class='ocrx_word' id='word_1_17' title='bbox 250 751 329 829; x_wconf 82' lang='lat' dir='ltr'>Quis</span> <span class='ocrx_word' id='word_1_18' title='bbox 351 775 415 818; x_wconf 91' lang='lat' dir='ltr'>non</span> <span class='ocrx_word' id='word_1_19' title='bbox 437 751 552 817; x_wconf 89' lang='lat' dir='ltr'>Latino</span> <span class='ocrx_word' id='word_1_20' title='bbox 575 752 730 838; x_wconf 79' lang='lat' dir='ltr'>sanguine</span> <span class='ocrx_word' id='word_1_21' title='bbox 752 752 906 838; x_wconf 84' lang='lat' dir='ltr'>pinguior</span> 
     </span>
     <span class='ocr_line' id='line_1_7' title="bbox 252 839 820 926; baseline 0 -21"><span class='ocrx_word' id='word_1_22' title='bbox 252 839 390 925; x_wconf 81' lang='lat' dir='ltr'>Campus</span> <span class='ocrx_word' id='word_1_23' title='bbox 413 840 567 924; x_wconf 86' lang='lat' dir='ltr'>sepulcris</span> <span class='ocrx_word' id='word_1_24' title='bbox 589 841 676 924; x_wconf 86' lang='lat' dir='ltr'>inpia</span> <span class='ocrx_word' id='word_1_25' title='bbox 697 841 820 926; x_wconf 90' lang='lat' dir='ltr'>proelia</span> 
     </span>
     <span class='ocr_line' id='line_1_8' title="bbox 294 927 797 1013; baseline 0 -21"><span class='ocrx_word' id='word_1_26' title='bbox 294 928 444 994; x_wconf 83' lang='lat' dir='ltr'>Testatur</span> <span class='ocrx_word' id='word_1_27' title='bbox 466 928 672 1013; x_wconf 87' lang='lat' dir='ltr'>auditumque</span> <span class='ocrx_word' id='word_1_28' title='bbox 694 927 797 994; x_wconf 88' lang='lat' dir='ltr'>Medis</span> 
     </span>
     <span class='ocr_line' id='line_1_9' title="bbox 336 1015 828 1100; baseline 0 -20"><span class='ocrx_word' id='word_1_29' title='bbox 336 1015 510 1100; x_wconf 87' lang='lat' dir='ltr'>Hesperiae</span> <span class='ocrx_word' id='word_1_30' title='bbox 534 1017 674 1082; x_wconf 88' lang='lat' dir='ltr'>sonitum</span> <span class='ocrx_word' id='word_1_31' title='bbox 697 1016 828 1081; x_wconf 75' lang='lat' dir='ltr'>ruinae?</span> 
     </span>
    </p>
   </div>
   <div class='ocr_carea' id='block_1_5' title="bbox 251 1165 957 1508">
    <p class='ocr_par' dir='ltr' id='par_1_5' title="bbox 251 1165 957 1508">
     <span class='ocr_line' id='line_1_10' title="bbox 251 1165 957 1252; baseline -0.001 -21"><span class='ocrx_word' id='word_1_32' title='bbox 251 1165 314 1243; x_wconf 84' lang='lat' dir='ltr'>Qui</span> <span class='ocrx_word' id='word_1_33' title='bbox 336 1187 453 1252; x_wconf 82' lang='lat' dir='ltr'>gurges</span> <span class='ocrx_word' id='word_1_34' title='bbox 472 1169 528 1229; x_wconf 91' lang='lat' dir='ltr'>aut</span> <span class='ocrx_word' id='word_1_35' title='bbox 550 1188 630 1250; x_wconf 88' lang='lat' dir='ltr'>quae</span> <span class='ocrx_word' id='word_1_36' title='bbox 653 1167 786 1230; x_wconf 90' lang='lat' dir='ltr'>flumina</span> <span class='ocrx_word' id='word_1_37' title='bbox 807 1165 957 1250; x_wconf 81' lang='lat' dir='ltr'>lugubris</span> 
     </span>
     <span class='ocr_line' id='line_1_11' title="bbox 251 1253 871 1340; baseline -0.002 -21"><span class='ocrx_word' id='word_1_38' title='bbox 251 1254 368 1340; x_wconf 81' lang='lat' dir='ltr'>Ignara</span> <span class='ocrx_word' id='word_1_39' title='bbox 389 1253 487 1318; x_wconf 81' lang='lat' dir='ltr'>belli?</span> <span class='ocrx_word' id='word_1_40' title='bbox 511 1254 597 1337; x_wconf 92' lang='lat' dir='ltr'>quod</span> <span class='ocrx_word' id='word_1_41' title='bbox 618 1276 705 1319; x_wconf 87' lang='lat' dir='ltr'>mare</span> <span class='ocrx_word' id='word_1_42' title='bbox 726 1255 871 1318; x_wconf 88' lang='lat' dir='ltr'>Dauniae</span> 
     </span>
     <span class='ocr_line' id='line_1_12' title="bbox 294 1342 765 1409; baseline -0.006 0"><span class='ocrx_word' id='word_1_43' title='bbox 294 1342 370 1409; x_wconf 91' lang='lat' dir='ltr'>Non</span> <span class='ocrx_word' id='word_1_44' title='bbox 393 1342 611 1407; x_wconf 84' lang='lat' dir='ltr'>decoloravere</span> <span class='ocrx_word' id='word_1_45' title='bbox 634 1342 765 1407; x_wconf 83' lang='lat' dir='ltr'>caedes?</span> 
     </span>
     <span class='ocr_line' id='line_1_13' title="bbox 340 1429 903 1508; baseline -0.002 -13"><span class='ocrx_word' id='word_1_46' title='bbox 340 1429 427 1508; x_wconf 83' lang='lat' dir='ltr'>Quae</span> <span class='ocrx_word' id='word_1_47' title='bbox 450 1433 536 1496; x_wconf 88' lang='lat' dir='ltr'>caret</span> <span class='ocrx_word' id='word_1_48' title='bbox 558 1452 614 1494; x_wconf 88' lang='lat' dir='ltr'>ora</span> <span class='ocrx_word' id='word_1_49' title='bbox 636 1452 747 1495; x_wconf 87' lang='lat' dir='ltr'>eruore</span> <span class='ocrx_word' id='word_1_50' title='bbox 769 1430 903 1495; x_wconf 83' lang='lat' dir='ltr'>nostro?</span> 
     </span>
    </p>
   </div>
   <div class='ocr_carea' id='block_1_6' title="bbox 253 1578 903 1928">
    <p class='ocr_par' dir='ltr' id='par_1_6' title="bbox 253 1578 903 1821">
     <span class='ocr_line' id='line_1_14' title="bbox 253 1578 903 1664; baseline -0.005 -18"><span class='ocrx_word' id='word_1_51' title='bbox 253 1579 315 1646; x_wconf 89' lang='lat' dir='ltr'>Sed</span> <span class='ocrx_word' id='word_1_52' title='bbox 337 1603 377 1645; x_wconf 89' lang='lat' dir='ltr'>ne</span> <span class='ocrx_word' id='word_1_53' title='bbox 399 1579 533 1663; x_wconf 88' lang='lat' dir='ltr'>relictis,</span> <span class='ocrx_word' id='word_1_54' title='bbox 555 1578 661 1663; x_wconf 89' lang='lat' dir='ltr'>Musa,</span> <span class='ocrx_word' id='word_1_55' title='bbox 683 1601 801 1664; x_wconf 87' lang='lat' dir='ltr'>procax</span> <span class='ocrx_word' id='word_1_56' title='bbox 824 1579 903 1643; x_wconf 90' lang='lat' dir='ltr'>iocis</span> 
     </span>
     <span class='ocr_line' id='line_1_15' title="bbox 254 1667 784 1752; baseline -0.004 -18"><span class='ocrx_word' id='word_1_57' title='bbox 254 1668 333 1734; x_wconf 80' lang='lat' dir='ltr'>Ceae</span> <span class='ocrx_word' id='word_1_58' title='bbox 355 1672 507 1732; x_wconf 86' lang='lat' dir='ltr'>retractes</span> <span class='ocrx_word' id='word_1_59' title='bbox 529 1668 639 1731; x_wconf 90' lang='lat' dir='ltr'>munia</span> <span class='ocrx_word' id='word_1_60' title='bbox 660 1667 784 1752; x_wconf 86' lang='lat' dir='ltr'>neniae,</span> 
     </span>
     <span class='ocr_line' id='line_1_16' title="bbox 296 1753 785 1821; baseline -0.002 0"><span class='ocrx_word' id='word_1_61' title='bbox 296 1755 423 1821; x_wconf 88' lang='lat' dir='ltr'>Mecum</span> <span class='ocrx_word' id='word_1_62' title='bbox 444 1753 587 1820; x_wconf 89' lang='lat' dir='ltr'>Dionaeo</span> <span class='ocrx_word' id='word_1_63' title='bbox 611 1756 670 1820; x_wconf 89' lang='lat' dir='ltr'>sub</span> <span class='ocrx_word' id='word_1_64' title='bbox 694 1759 785 1820; x_wconf 88' lang='lat' dir='ltr'>antro</span> 
     </span>
    </p>

    <p class='ocr_par' dir='ltr' id='par_1_7' title="bbox 341 1842 889 1928">
     <span class='ocr_line' id='line_1_17' title="bbox 341 1842 889 1928; baseline -0.004 -20"><span class='ocrx_word' id='word_1_65' title='bbox 341 1842 463 1921; x_wconf 82' lang='lat' dir='ltr'>Quaere</span> <span class='ocrx_word' id='word_1_66' title='bbox 486 1843 597 1907; x_wconf 90' lang='lat' dir='ltr'>modos</span> <span class='ocrx_word' id='word_1_67' title='bbox 619 1844 736 1908; x_wconf 83' lang='lat' dir='ltr'>leviore</span> <span class='ocrx_word' id='word_1_68' title='bbox 758 1844 889 1928; x_wconf 88' lang='lat' dir='ltr'>plectro.</span> 
     </span>
    </p>
   </div>
   <div class='ocr_carea' id='block_1_7' title="bbox 516 2091 675 2100">
    <p class='ocr_par' dir='ltr' id='par_1_8' title="bbox 516 2091 675 2100">
     <span class='ocr_line' id='line_1_18' title="bbox 516 2091 675 2100; baseline -0.013 0"><span class='ocrx_word' id='word_1_69' title='bbox 516 2091 675 2100; x_wconf 82' lang='lat'><strong>———-</strong></span> 
     </span>
    </p>
   </div>
   <div class='ocr_carea' id='block_1_8' title="bbox 580 2290 621 2355">
    <p class='ocr_par' dir='ltr' id='par_1_9' title="bbox 580 2290 621 2355">
     <span class='ocr_line' id='line_1_19' title="bbox 580 2290 621 2355; baseline 0 0"><span class='ocrx_word' id='word_1_70' title='bbox 580 2290 621 2355; x_wconf 89' lang='lat' dir='ltr'>H.</span> 
     </span>
    </p>
   </div>
   <div class='ocr_carea' id='block_1_9' title="bbox 274 2414 950 2765">
    <p class='ocr_par' dir='ltr' id='par_1_10' title="bbox 274 2414 950 2501">
     <span class='ocr_line' id='line_1_20' title="bbox 274 2414 950 2501; baseline -0.003 -19"><span class='ocrx_word' id='word_1_71' title='bbox 274 2415 393 2482; x_wconf 90' lang='lat' dir='ltr'>Nullus</span> <span class='ocrx_word' id='word_1_72' title='bbox 416 2419 548 2501; x_wconf 83' lang='lat' dir='ltr'>argento</span> <span class='ocrx_word' id='word_1_73' title='bbox 571 2414 659 2479; x_wconf 92' lang='lat' dir='ltr'>color</span> <span class='ocrx_word' id='word_1_74' title='bbox 681 2419 730 2479; x_wconf 88' lang='lat' dir='ltr'>est</span> <span class='ocrx_word' id='word_1_75' title='bbox 754 2417 857 2480; x_wconf 85' lang='lat' dir='ltr'>avaris</span> <span class='ocrx_word' id='word_1_76' title='bbox 946 2431 950 2439; x_wconf 84' lang='lat'>&#39;</span> 
     </span>
    </p>

    <p class='ocr_par' dir='ltr' id='par_1_11' title="bbox 274 2503 820 2588">
     <span class='ocr_line' id='line_1_21' title="bbox 274 2503 820 2588; baseline 0 -20"><span class='ocrx_word' id='word_1_77' title='bbox 274 2503 395 2570; x_wconf 78' lang='lat' dir='ltr'>Abdito</span> <span class='ocrx_word' id='word_1_78' title='bbox 418 2504 525 2588; x_wconf 78' lang='lat' dir='ltr'>terris,</span> <span class='ocrx_word' id='word_1_79' title='bbox 547 2503 675 2568; x_wconf 87' lang='lat' dir='ltr'>inimice</span> <span class='ocrx_word' id='word_1_80' title='bbox 696 2503 820 2568; x_wconf 84' lang='lat' dir='ltr'>lamnae</span> 
     </span>
    </p>

    <p class='ocr_par' dir='ltr' id='par_1_12' title="bbox 277 2591 839 2765">
     <span class='ocr_line' id='line_1_22' title="bbox 277 2591 839 2678; baseline -0.004 -20"><span class='ocrx_word' id='word_1_81' title='bbox 277 2592 386 2678; x_wconf 80' lang='lat' dir='ltr'>(lrispe</span> <span class='ocrx_word' id='word_1_82' title='bbox 410 2591 555 2675; x_wconf 87' lang='lat' dir='ltr'>Sallusti,</span> <span class='ocrx_word' id='word_1_83' title='bbox 578 2591 641 2655; x_wconf 91' lang='lat' dir='ltr'>nisi</span> <span class='ocrx_word' id='word_1_84' title='bbox 663 2595 839 2675; x_wconf 87' lang='lat' dir='ltr'>temperato</span> 
     </span>
     <span class='ocr_line' id='line_1_23' title="bbox 321 2680 581 2765; baseline -0.012 -19"><span class='ocrx_word' id='word_1_85' title='bbox 321 2680 491 2765; x_wconf 86' lang='lat' dir='ltr'>Splendeat</span> <span class='ocrx_word' id='word_1_86' title='bbox 513 2701 581 2743; x_wconf 92' lang='lat' dir='ltr'>usu.</span> 
     </span>
    </p>
   </div>
   <div class='ocr_carea' id='block_1_10' title="bbox 275 2827 878 3178">
    <p class='ocr_par' dir='ltr' id='par_1_13' title="bbox 278 2827 848 2913">
     <span class='ocr_line' id='line_1_24' title="bbox 278 2827 848 2913; baseline -0.005 -18"><span class='ocrx_word' id='word_1_87' title='bbox 278 2831 375 2895; x_wconf 84' lang='lat' dir='ltr'>Vivet</span> <span class='ocrx_word' id='word_1_88' title='bbox 398 2832 526 2894; x_wconf 86' lang='lat' dir='ltr'>extento</span> <span class='ocrx_word' id='word_1_89' title='bbox 548 2827 734 2893; x_wconf 90' lang='lat' dir='ltr'>Proculeius</span> <span class='ocrx_word' id='word_1_90' title='bbox 757 2850 848 2913; x_wconf 83' lang='lat' dir='ltr'>aevo,</span> 
     </span>
    </p>

    <p class='ocr_par' dir='ltr' id='par_1_14' title="bbox 275 2917 858 3000">
     <span class='ocr_line' id='line_1_25' title="bbox 275 2917 858 3000; baseline -0.007 -16"><span class='ocrx_word' id='word_1_91' title='bbox 275 2919 381 2985; x_wconf 89' lang='lat' dir='ltr'>Notus</span> <span class='ocrx_word' id='word_1_92' title='bbox 404 2919 439 2982; x_wconf 93' lang='lat' dir='ltr'>in</span> <span class='ocrx_word' id='word_1_93' title='bbox 460 2917 576 2981; x_wconf 80' lang='lat' dir='ltr'>fratres</span> <span class='ocrx_word' id='word_1_94' title='bbox 599 2917 697 2981; x_wconf 88' lang='lat' dir='ltr'>animi</span> <span class='ocrx_word' id='word_1_95' title='bbox 718 2918 858 3000; x_wconf 89' lang='lat' dir='ltr'>paterni:</span> 
     </span>
    </p>

    <p class='ocr_par' dir='ltr' id='par_1_15' title="bbox 276 3005 878 3178">
     <span class='ocr_line' id='line_1_26' title="bbox 276 3005 878 3091; baseline -0.002 -20"><span class='ocrx_word' id='word_1_96' title='bbox 276 3006 373 3072; x_wconf 92' lang='lat' dir='ltr'>lllum</span> <span class='ocrx_word' id='word_1_97' title='bbox 396 3010 470 3091; x_wconf 79' lang='lat' dir='ltr'>aget</span> <span class='ocrx_word' id='word_1_98' title='bbox 492 3005 590 3089; x_wconf 88' lang='lat' dir='ltr'>pinna</span> <span class='ocrx_word' id='word_1_99' title='bbox 611 3008 773 3070; x_wconf 86' lang='lat' dir='ltr'>metuente</span> <span class='ocrx_word' id='word_1_100' title='bbox 795 3005 878 3070; x_wconf 82' lang='lat' dir='ltr'>solvi</span> 
     </span>
     <span class='ocr_line' id='line_1_27' title="bbox 320 3095 610 3178; baseline -0.007 -20"><span class='ocrx_word' id='word_1_101' title='bbox 320 3095 420 3159; x_wconf 83' lang='lat' dir='ltr'>Fama</span> <span class='ocrx_word' id='word_1_102' title='bbox 442 3096 610 3178; x_wconf 81' lang='lat' dir='ltr'>superstes</span> 
     </span>
    </p>
   </div>
   <div class='ocr_carea' id='block_1_11' title="bbox 276 3242 929 3575">
    <p class='ocr_par' dir='ltr' id='par_1_16' title="bbox 276 3242 855 3328">
     <span class='ocr_line' id='line_1_28' title="bbox 276 3242 855 3328; baseline -0.003 -19"><span class='ocrx_word' id='word_1_103' title='bbox 276 3244 389 3309; x_wconf 89' lang='lat' dir='ltr'>Latius</span> <span class='ocrx_word' id='word_1_104' title='bbox 410 3263 524 3328; x_wconf 80' lang='lat' dir='ltr'>regnes</span> <span class='ocrx_word' id='word_1_105' title='bbox 547 3243 675 3307; x_wconf 89' lang='lat' dir='ltr'>avidum</span> <span class='ocrx_word' id='word_1_106' title='bbox 699 3242 855 3307; x_wconf 88' lang='lat' dir='ltr'>domando</span> 
     </span>
    </p>

    <p class='ocr_par' dir='ltr' id='par_1_17' title="bbox 280 3331 929 3418">
     <span class='ocr_line' id='line_1_29' title="bbox 280 3331 929 3418; baseline -0.003 -20"><span class='ocrx_word' id='word_1_107' title='bbox 280 3331 450 3418; x_wconf 89' lang='lat' dir='ltr'>Spiritum,</span> <span class='ocrx_word' id='word_1_108' title='bbox 473 3352 567 3415; x_wconf 88' lang='lat' dir='ltr'>quam</span> <span class='ocrx_word' id='word_1_109' title='bbox 591 3332 619 3396; x_wconf 92' lang='lat' dir='ltr'>si</span> <span class='ocrx_word' id='word_1_110' title='bbox 639 3331 774 3415; x_wconf 84' lang='lat' dir='ltr'>Libyam</span> <span class='ocrx_word' id='word_1_111' title='bbox 797 3332 929 3396; x_wconf 87' lang='lat' dir='ltr'>remotis</span> 
     </span>
    </p>

    <p class='ocr_par' dir='ltr' id='par_1_18' title="bbox 280 3417 917 3575">
     <span class='ocr_line' id='line_1_30' title="bbox 280 3417 917 3504; baseline -0.006 -18"><span class='ocrx_word' id='word_1_112' title='bbox 280 3420 421 3486; x_wconf 81' lang='lat' dir='ltr'>Gadibus</span> <span class='ocrx_word' id='word_1_113' title='bbox 444 3420 557 3504; x_wconf 85' lang='lat' dir='ltr'>iungas</span> <span class='ocrx_word' id='word_1_114' title='bbox 581 3424 613 3485; x_wconf 89' lang='lat' dir='ltr'>et</span> <span class='ocrx_word' id='word_1_115' title='bbox 635 3423 768 3503; x_wconf 84' lang='lat' dir='ltr'>uterque</span> <span class='ocrx_word' id='word_1_116' title='bbox 790 3417 917 3483; x_wconf 88' lang='lat' dir='ltr'>Poenus</span> 
     </span>
     <span class='ocr_line' id='line_1_31' title="bbox 325 3508 536 3575; baseline -0.024 0"><span class='ocrx_word' id='word_1_117' title='bbox 325 3508 450 3575; x_wconf 83' lang='lat' dir='ltr'>Serviat</span> <span class='ocrx_word' id='word_1_118' title='bbox 472 3508 536 3571; x_wconf 93' lang='lat' dir='ltr'>uni.</span> 
     </span>
    </p>
   </div>
   <div class='ocr_carea' id='block_1_12' title="bbox 0 0 1207 4028">
    <p class='ocr_par' dir='ltr' id='par_1_19' title="bbox 0 0 1207 4028">
     <span class='ocr_line' id='line_1_32' title="bbox 0 0 1207 4028; baseline 0 0"><span class='ocrx_word' id='word_1_119' title='bbox 0 0 1207 4028; x_wconf 95' lang='lat' dir='ltr'> </span> 
     </span>
    </p>
   </div>
  </div>
 </body>
</html>
