2370 4028
130 215 170 268 vr
496 170 776 270 rnonnoounun.

131 366 232 424 soluta
264 365 392 424 editione
423 364 645 424 Vindobonensi
681 365 779 422 aliena
811 363 847 422 ab
879 364 1005 425 Horatio
1037 367 1141 425 studia

133 472 285 530 capessere
305 457 381 512 esset
399 452 431 510 in
449 453 556 513 animo.
588 451 726 511 Ceterum
744 472 804 528 quo
822 452 940 529 longius
959 454 1142 529 procedebat

134 541 312 600 Saturarum
329 542 595 618 Epistularumque
618 542 776 616 enarratio,
800 560 834 600 eo
857 541 952 618 magis
973 543 1142 617 apparebat

133 649 193 689 non
220 632 331 705 minus,
355 631 444 689 imm0
467 629 562 706 magis
586 629 689 687 ceteris
712 629 832 688 Horatii
859 629 1038 688 carminibus
1062 651 1140 706 opus

133 737 196 776 esse
228 718 438 778 commentario
470 736 560 792 novo,
591 716 703 791 partim
730 717 768 775 ad
795 716 969 793 depellenda
1000 719 1078 776 falsa
1108 725 1140 778 et

133 825 285 882 perversa,
318 806 425 881 quibus
461 808 529 881 post
562 804 745 862 Lachmanni
781 808 810 864 et
845 805 986 864 Meinekii
1023 807 1140 866 obitum

134 894 288 955 doctorum
318 895 528 970 plerorumque
555 893 671 951 incuria
699 896 796 951 essent
823 893 998 970 depravata,
1026 897 1140 970 partim

134 982 173 1040 ad
203 982 379 1041 invenienda
410 982 545 1056 meliora,
569 999 637 1039 oum
663 984 810 1039 restarent
832 981 863 1039 in
890 982 984 1040 isdem
1011 984 1058 1041 vel
1086 984 1138 1043 ob-

134 1071 212 1129 scuri
230 1070 278 1130 vel
296 1070 429 1144 corrupti
446 1070 504 1128 loci
522 1070 653 1145 plurimi.
680 1068 848 1128 Accedebat
862 1071 942 1144 quod
956 1071 1140 1131 collectanea

133 1162 235 1218 nostra
257 1159 289 1217 in
310 1159 367 1216 hac
388 1158 577 1233 potissimum
598 1159 684 1233 parte
704 1160 827 1233 propter
846 1159 1052 1218 assiduitatem
1074 1164 1138 1219 stu-

134 1247 251 1306 diorum
272 1246 360 1323 longe
383 1249 468 1304 erant
491 1246 680 1321 amplissima.
710 1246 790 1302 Illud
812 1247 890 1303 enim
909 1247 1023 1323 omitto,
1047 1268 1140 1323 quam

133 1353 222 1410 saepe
245 1353 263 1392 a
286 1334 469 1393 diversarum
491 1333 626 1410 gentium
648 1333 742 1393 doctis
771 1334 893 1392 invitati
919 1335 1011 1393 simus
1035 1340 1064 1394 et
1092 1337 1138 1394 in-

133 1423 227 1498 citati,
249 1441 287 1482 no
308 1423 409 1497 lyricis
431 1421 623 1496 iambicisque
646 1421 766 1481 Horatii
787 1422 904 1498 scriptis
928 1422 1085 1482 dcssemus.

220 1511 329 1585 Itaque
356 1509 442 1569 initio
470 1528 489 1567 a
514 1508 727 1568 MDGGOXOV
752 1508 805 1567 ubi
832 1528 934 1569 sumus
961 1513 1072 1570 reversi
1099 1513 1139 1571 ab

132 1599 239 1657 itinere
270 1598 389 1673 Italico,
422 1597 572 1673 abdicata,
598 1601 634 1656 ut
665 1599 805 1673 solemus,
835 1598 953 1673 quando
980 1619 1091 1677 magna
1120 1621 1138 1658 a

132 1686 217 1746 nobis
249 1687 396 1762 capessite
427 1689 498 1744 sunt
527 1686 661 1762 negotia,
694 1686 774 1746 omni
803 1705 887 1745 mora
919 1704 986 1745 cum
1020 1688 1139 1765 ingenti

132 1775 232 1834 studio
255 1775 387 1833 carmina
409 1773 540 1832 eiusdem
563 1774 712 1848 coepimus
734 1777 904 1844 retractare.
936 1774 1037 1851 Atque
1061 1797 1139 1852 opus

132 1863 275 1922 hactenus
298 1864 481 1938 promotum,
504 1864 540 1919 ut
563 1865 617 1920 aut
638 1861 696 1920 fine
718 1862 807 1921 huius
831 1863 912 1937 anni,
937 1883 1026 1938 quem
1047 1866 1138 1926 modo

132 1951 258 2028 ingressi
280 1969 391 2025 sumus,
413 1953 468 2008 aut
489 1949 575 2009 initio
598 1949 749 2024 sequentis
771 1950 960 2025 proditurum
977 1970 1100 2027 sperem.

220 2039 345 2096 Interim
372 2057 390 2096 a
412 2037 580 2113 Teubnero‚
606 2037 769 2113 bibliopola
795 2038 1014 2116 honestissimo,
1037 2043 1138 2118 rogati

133 2145 247 2201 sumuS,
270 2129 307 2184 ut
332 2127 456 2184 tertium
483 2129 742 2202 recognosceretur
765 2126 855 2185 editio
878 2126 998 2185 Horatii
1026 2132 1137 2189 stereo-

132 2219 220 2290 typa,
253 2232 330 2290 quae
362 2213 496 2272 secundis
529 2214 606 2272 curis
637 2212 789 2289 prodierat
819 2232 846 2272 a.
873 2214 1137 2275 MDGGGLXXIX.

132 2303 232 2361 Huius
256 2305 357 2360 autem
379 2300 523 2360 desiderio
547 2320 615 2360 cum
636 2302 743 2361 vellem
765 2302 949 2379 satisfacere,
971 2303 1046 2363 bene
1070 2307 1136 2381 qui-

134 2391 201 2450 dem
222 2390 299 2448 illud
322 2389 428 2464 euenit,
452 2389 533 2464 quod
554 2408 649 2449 novus
670 2389 756 2449 labor
777 2390 881 2449 incidit
903 2392 934 2448 in
956 2391 988 2449 id
1009 2396 1137 2469 tempus,

135 2498 194 2555 quo
218 2497 286 2536 cum
307 2478 434 2536 maxime
456 2477 611 2536 fervebant
633 2478 733 2536 studia
750 2481 853 2537 nostra
871 2479 1045 2538 Horatiana.
1078 2480 1137 2539 Sed

134 2586 203 2625 cum
233 2566 363 2641 primum
389 2566 420 2624 id
447 2565 596 2643 agendum
626 2565 699 2623 mihi
725 2565 867 2641 riderem,
896 2570 931 2625 ut
961 2570 1057 2628 maior
1082 2569 1137 2626 illa

134 2655 348 2729 doctorumque
371 2654 403 2710 in
424 2672 513 2712 usum
536 2653 685 2712 destinata
708 2653 807 2728 editio,
832 2657 1137 2731 quamplurimorum

134 2743 239 2802 scirem
262 2741 412 2800 desideriis
436 2741 608 2817 exspectari,
631 2740 834 2801 absolveretur
856 2744 1015 2820 celerrime,
1038 2749 1138 2804 cetera

135 2830 255 2906 quidem
286 2830 318 2887 in
349 2829 478 2889 editione
509 2832 679 2904 stereotypa
710 2849 788 2890 nova
820 2850 910 2905 quam
941 2833 1137 2891 curiosissime

134 2917 339 2994 persequenda
353 2917 532 2991 existimavi3
551 2920 654 2976 contra
672 2917 942 2995 dittographiarum
956 2919 1136 2978 coniectura-

134 3024 262 3081 rumque
284 3023 424 3064 numerus
446 3008 482 3064 ut
499 3023 578 3063 nunc
598 3006 728 3063 multum
750 3010 795 3065 est
818 3006 970 3081 adauctus,
992 3007 1037 3065 ita
1059 3009 1138 3067 ratio

135 3092 296 3151 earundem
318 3092 435 3151 reddita
457 3094 554 3152 rarius
577 3093 755 3169 breviusque
778 3112 869 3170 quam
892 3095 969 3154 olim.
999 3095 1137 3170 Namque

135 3181 235 3240 omnia
258 3183 323 3240 arte
344 3181 462 3240 munire
484 3181 510 3240 si
531 3181 691 3241 voluissem
714 3200 748 3240 ac
770 3181 899 3256 firmare,
924 3201 1001 3258 quae
1023 3184 1055 3241 in
1078 3185 1137 3243 edi-

135 3269 216 3328 tione
257 3268 435 3328 Saturarum
470 3269 736 3345 Epistularumque
770 3269 1006 3347 Vindobonensi,
1048 3291 1139 3348 quam

135 3357 231 3430 emisi,
263 3357 336 3415 item
366 3357 398 3414 in
427 3356 598 3416 Garminum
624 3357 867 3433 Epodorumque,
897 3352 988 3434 quarn
1019 3361 1139 3435 adorno,

134 3464 213 3504 nova
240 3449 310 3504 sunt
332 3445 451 3520 prolata
473 3445 535 3504 sire
557 3465 605 3504 me
627 3446 689 3505 sire
712 3446 778 3504 aliis
802 3447 987 3523 auctoribus,
1011 3451 1139 3508 concessi

133 3533 355 3611 Prolegomenis
391 3534 471 3593 hisce
506 3532 579 3593 fines
614 3534 744 3593 multum
779 3534 862 3594 fuere
895 3535 1051 3594 excedendi
1086 3556 1139 3595 nec
