2370 4028
164 827 775 927 EPISTVLARVM

335 999 445 1054 LIBER
462 999 605 1055 PRIMVS.

458 1160 475 1224 Ι

95 1284 179 1350 dicte
201 1284 296 1369 mihi,
319 1305 444 1350 summa
467 1283 597 1349 dicende
621 1283 771 1371 Camena,

73 1378 152 1438 itum
176 1373 255 1437 satis
279 1377 312 1438 et
335 1373 488 1437 donatum
510 1372 575 1436 iam
597 1373 675 1438 rude
699 1375 839 1460 quaeris,

73 1484 144 1546 nas,
167 1462 286 1527 iterum
309 1461 441 1545 antiquo
464 1482 515 1524 me
537 1460 700 1527 includere
722 1461 821 1528 ludo?

73 1551 204 1616 ademst
226 1553 328 1634 aetas,
350 1570 415 1614 non
437 1550 536 1614 mens.
577 1547 731 1615 Veianius
755 1551 852 1616 armis

71 1639 113 1704 lis
136 1639 177 1702 ad
198 1642 324 1722 postem
346 1637 421 1701 fixis
442 1636 523 1702 latet
546 1637 674 1703 abditus
696 1659 788 1724 agro,
1008 1654 1024 1704 5

73 1726 193 1811 »pulum
216 1731 359 1791 extrema
380 1725 500 1791 totiens
523 1730 633 1791 exoret
656 1748 759 1793 arene.

73 1815 128 1879 uhi
149 1818 321 1900 purgatam
344 1814 455 1879 erebro
478 1814 534 1897 qui
556 1819 706 1898 personet
729 1837 851 1881 aurem:

94 1906 311 1968 senescentem
333 1905 458 1966 mature
481 1923 578 1966 sanus
601 1923 732 1988 equum,
755 1925 795 1969 ne

73 2015 77 2056 5
100 1992 140 2055 ad
162 1994 342 2056 extremum
364 1989 515 2055 ridendus
538 1994 571 2056 et
593 1990 650 2055 ilia
672 1990 787 2056 ducat?

79 2080 190 2163 itaque
213 2083 246 2143 et
267 2099 380 2144 versus
402 2082 436 2143 et
458 2082 563 2143 cetera
583 2078 707 2144 ludicra
728 2100 828 2164 pono;
991 2096 1024 2145 10

73 2190 182 2233 verum
206 2171 303 2251 atque
326 2166 453 2249 decens,
480 2188 557 2231 curo
580 2170 613 2231 et
635 2188 728 2319 rpgo,
755 2172 788 2233 et
810 2167 914 2233 omnis
937 2167 972 2232 in

676 2277 714 2321 oe
736 2278 821 2341 sum;

95 2347 128 2408 et
151 2363 297 2428 conpone
321 2364 402 2428 quae
424 2364 500 2407 mox
523 2343 708 2427 depromere
730 2344 860 2429 possim.

73 2431 180 2497 :forte
202 2451 312 2516 roges,
335 2452 398 2516 quo
421 2453 473 2495 me
496 2430 588 2516 duce,
612 2453 675 2516 quo
697 2431 779 2498 Lare
800 2437 900 2498 tuter:

73 2542 93 2585 s
117 2519 263 2584 addictus
286 2520 391 2584 iurare
414 2519 448 2583 in
470 2519 568 2584 verba
589 2519 752 2606 magistri,

73 2630 109 2673 ne
132 2629 268 2692 cumque
290 2608 377 2692 rapit
398 2611 586 2693 tempestas,
609 2607 734 2674 deferor
754 2607 881 2694 hospes.
990 2625 1023 2674 15

81 2695 176 2782 agilis
198 2697 242 2761 fio
266 2700 299 2760 et
320 2717 443 2761 mersor
466 2696 614 2762 civilibus
636 2696 745 2781 undis,

73 2786 103 2849 is
125 2806 220 2849 verae
242 2787 352 2849 custos
373 2783 561 2869 rigidusque
583 2784 725 2869 satelles;

78 2874 113 2937 in
135 2871 297 2957 Aristippi
318 2872 432 2936 furtim
454 2877 624 2958 praecepte
645 2872 784 2958 relabor,

73 2961 128 3026 [ihi
150 2981 216 3046 res,
237 2983 304 3026 non
326 2982 378 3025 me
400 2959 496 3025 rebus
519 2961 712 3046 subiungere
735 2981 841 3026 conor.

73 3073 95 3115 x
116 3048 227 3134 longa,
250 3048 368 3134 quibus
390 3049 545 3113 mentitur
568 3049 682 3133 amica,
705 3048 836 3134 diesque
988 3066 1022 3115 20

72 3137 240 3203 evidetur
262 3158 343 3220 opus
367 3136 570 3221 debentibus,
592 3141 629 3201 ut
651 3137 744 3222 piger
766 3159 869 3204 annus

73 3228 111 3310 is,
135 3247 216 3310 quos
240 3225 319 3290 dura
340 3224 459 3310 premit
481 3225 627 3291 custodia
647 3228 801 3290 matrum:

73 3315 118 3379 ihi
141 3314 233 3378 tarda
254 3314 361 3378 fluunt
383 3313 571 3397 ingrataque
593 3317 753 3398 tempora,
775 3335 856 3399 quae
879 3336 968 3398 spem

72 3404 203 3487 iumque
225 3406 393 3467 morantur
415 3401 530 3487 agendi
551 3402 677 3466 naviter
698 3402 732 3467 id
754 3402 840 3487 quod

93 3490 288 3576 pauperibus
310 3490 455 3575 prodest,
476 3489 692 3574 locupletibus
714 3512 826 3576 aeque,
987 3504 1020 3554 25

757 3593 809 3647 13*
