2370 4028
164 217 229 281 250
537 176 794 270 nrrsrv'caavu
1102 214 1139 288 [n

162 358 209 424 Vt
231 380 359 443 praeco,
381 358 422 422 ad
443 381 563 423 meroes
586 357 713 423 turbam
737 357 793 442 qui
815 357 903 442 cogit
926 357 1085 442 emendas,

92 464 144 513 420
163 446 393 511 Adsentatores
415 445 505 511 iubet
527 446 566 511 ad
588 447 713 511 lucrum
736 447 782 511 ire
805 450 900 530 poeta

162 535 261 600 Dives
284 536 384 620 agris,
407 535 494 599 dives
517 534 631 618 positis
654 535 689 599 in
709 534 819 600 fenore
840 535 991 598 nummis.

163 623 198 688 si
220 627 341 706 verost,
363 626 495 687 unctum
519 623 575 706 qui
598 626 683 687 recte
705 643 823 706 ponere
844 622 950 706 possit

161 711 207 776 Et
229 710 384 795 spondere
406 710 470 775 leri
492 732 551 794 pro
573 732 712 794 paupere
735 714 767 776 et
790 709 912 794 eripere
935 711 1014 775 artis

161 798 289 864 Litibus
312 798 507 882 inplicitum,
529 799 683 882 mirabor,
705 798 734 862 si
756 799 836 863 sciet
858 797 943 862 inter

92 905 144 953 425
161 887 302 952 Noscere
324 887 507 951 mendacem
529 909 703 971 verumque
725 885 837 951 beatus
860 887 1008 950 amicum.

162 975 211 1039 Tu
234 997 290 1040 seu
313 974 441 1039 donaris
463 996 519 1039 seu
543 974 620 1058 quid
643 974 759 1038 donare
781 974 870 1039 voles
893 974 959 1056 cui,

161 1063 274 1128 Nolito
297 1062 337 1126 ad
359 1085 470 1127 versus
492 1063 553 1127 tibi
574 1062 677 1127 factos
701 1062 814 1128 ducere
835 1061 967 1145 plenum

161 1151 330 1235 Laetitiae;
353 1150 503 1215 clamabit
526 1150 611 1215 enim
634 1149 791 1234 pulchre,
812 1148 906 1233 bene,
929 1150 1044 1234 recte3'

161 1238 319 1303 Pallescet
341 1260 437 1322 super
458 1238 509 1302 his
533 1242 565 1303 et
586 1239 651 1303 iam
674 1237 811 1302 stillabit
832 1237 945 1303 amicis

91 1343 143 1391 400
161 1327 214 1390 Ex
237 1327 337 1390 oculis
360 1348 477 1406 rorem,
500 1326 624 1411 †saliet,
646 1325 760 1390 tundet
781 1325 861 1410 pede
883 1329 1011 1390 terram.

162 1414 208 1479 Vt
231 1415 287 1498 qui
309 1414 457 1479 conducti
478 1414 607 1498 plorant
628 1415 663 1478 in
683 1414 808 1498 funere,
830 1413 954 1496 dicunt,

160 1502 206 1566 nt
227 1502 350 1566 faciunt
371 1525 470 1586 prope
492 1502 586 1586 plura
608 1500 789 1566 dolentibus
812 1524 852 1566 ex
874 1502 995 1585 animo,
1017 1502 1059 1566 sic

161 1590 294 1654 Derisor
315 1612 390 1655 vero
413 1590 486 1674 plus
507 1590 672 1654 laudatore
694 1593 848 1655 movetur.

161 1678 267 1763 Reges
290 1678 439 1742 dicuntur
461 1678 572 1743 multis
594 1699 730 1763 urguere
753 1677 870 1742 culillis

88 1782 142 1844 430
160 1766 206 1830 Et
228 1770 376 1850 torquere
398 1788 500 1849 mero,
523 1787 617 1849 quem
639 1766 838 1850 perspexisse
859 1764 1021 1850 laborant,

160 1853 214 1918 An
236 1855 280 1918 sit
302 1854 443 1918 amicitia
466 1854 595 1938 dignus3
618 1855 647 1918 si
669 1854 809 1918 carmina
831 1853 962 1938 condes,

159 1941 345 2026 Numquam
367 1945 399 2006 te
421 1941 536 2005 fallant
558 1942 656 2006 animi
679 1942 738 2006 sub
761 1941 854 2025 volpe
876 1941 1021 2007 latentes.

160 2030 316 2107 Quintilio
341 2029 448 2114 siquid
469 2030 633 2113 recitares,
656 2030 803 2114 ‘corrige,
826 2029 933 2114 sodes,

159 2118 242 2183 Hoo'
266 2118 370 2182 aiebat
393 2118 437 2182 ‘et
457 2117 540 2182 hoc’
579 2116 695 2182 Melius
718 2122 751 2182 te
773 2139 867 2201 posse
890 2137 1034 2202 negares,

52 2258 54 2265 .
89 2221 141 2271 440
159 2206 216 2270 Bis
239 2209 351 2289 terque
374 2209 540 2290 expertum
562 2205 694 2270 frustra:
718 2205 821 2270 delere
843 2205 976 2270 iubebat

158 2294 204 2358 Et
226 2293 309 2358 male
331 2297 475 2358 tornatos
499 2293 606 2358 incudi
628 2292 758 2358 reddere
781 2315 900 2358 versus.

160 2380 196 2446 si
218 2381 385 2446 defendere
409 2381 559 2446 delictum
582 2402 678 2466 quam
700 2385 823 2446 vertere
846 2381 972 2465 mallee,

159 2468 295 2535 Nullum
320 2469 405 2534 ultra
428 2470 561 2534 verbum
587 2473 642 2533 aut
667 2491 795 2553 operam
819 2470 1000 2534 insumebat
1021 2470 1123 2540 manen,

160 2557 244 2634 Quin
267 2558 335 2623 sine
358 2557 452 2622 rivali
474 2560 567 2641 teque
591 2561 623 2621 et
646 2561 702 2621 tua
724 2557 811 2621 solus
835 2579 968 2623 amares.

88 2661 140 2709 440
159 2645 220 2710 Vir
241 2644 344 2710 bonus
368 2649 400 2710 et
422 2644 560 2729 prudens
582 2667 693 2710 versus
716 2645 886 2729 reprendet
908 2647 1036 2729 inertes,

160 2731 310 2817 Oulpabit
333 2734 442 2817 duros,
464 2732 637 2817 incomptis
660 2732 781 2798 adlinet
803 2737 909 2797 atrum

159 2820 351 2886 Transverso
375 2821 496 2886 calamo
519 2822 660 2906 signum,
684 2821 853 2886 ambitiosa
875 2822 995 2886 recidet

159 2906 365 2993 Ornamenta,
388 2931 501 2993 parum
524 2909 618 2973 claris
639 2909 744 2974 lucem
767 2909 841 2973 dare
864 2913 971 2995 coget,

158 2994 283 3081 Arguat
304 2998 454 3082 ambigue
478 2997 611 3080 dictum,
633 2996 786 3062 mutanda
807 2998 946 3081 notabit,

87 3099 139 3149 400
157 3082 230 3147 Fiet
251 3083 469 3170 Aristarchus,
492 3107 556 3149 non
579 3085 663 3149 dicet
685 3085 753 3150 ‘cur
776 3106 835 3170 ego
858 3086 996 3150 amioum

158 3168 324 3236 Offendam
346 3175 381 3238 in
402 3173 532 3258 nugis?
572 3172 641 3237 Hae
664 3194 768 3258 nugae
791 3173 874 3238 seria
897 3173 1013 3238 ducent

157 3257 196 3323 In
218 3259 303 3324 mala
325 3261 464 3326 derisum
487 3261 586 3325 semel
608 3265 837 3345 exceptumque
861 3261 998 3326 sinistre.

157 3346 204 3411 Vt
226 3348 310 3412 mala
333 3371 428 3433 quem
451 3349 572 3413 scabies
596 3352 652 3413 aut
673 3350 804 3413 morbus
827 3351 935 3435 regius
957 3351 1065 3434 urguet

156 3434 224 3500 Aut
246 3435 404 3501 fanaticus
427 3458 515 3501 error
538 3440 570 3501 et
592 3437 744 3501 iracunda
766 3437 883 3523 Diana,

84 3538 136 3587 400
156 3522 319 3588 Vesanum
342 3524 487 3608 tetigisse
509 3525 625 3589 timent
646 3524 839 3610 fugiuntque
862 3531 1003 3610 poetam,
