2386 4020
74 105 105 180 u]
462 109 622 165 nmmn.

72 247 162 318 Militia
182 254 351 320 adsuetum
374 254 529 339 graecari,
550 275 608 321 sau
629 253 697 338 pila
717 252 812 319 velox

72 336 202 408 molliter
225 345 388 408 austerum
411 341 518 407 studio
539 341 671 406 fallente
692 341 835 406 laborem

72 424 130 494 *Seu
149 434 180 496 te
202 430 309 496 discus
332 429 413 515 agit,
434 433 508 514 pete
530 430 693 495 cedentem
716 451 788 494 aera
811 430 911 494 disco:

70 511 129 580 tun
147 517 237 585 labor
257 517 419 585 audent
440 517 582 602 fastidia,
604 518 721 602 siccus,
743 518 848 582 inanis

70 598 163 686 Sperne
183 607 293 673 cibum
315 605 427 691 rilem;
448 606 512 670 nisi
534 605 701 689 Hymettia
723 605 818 670 mella
840 605 975 670 Falerno
1067 623 1100 670 15

66 686 234 760 sessoris
256 693 367 758 diluta
407 692 501 758 Foris
523 697 573 759 cst
594 715 740 778 promus,
763 697 796 758 et
818 697 922 758 atrum

69 774 223 848 Defendens
244 783 349 866 pisces
371 780 493 846 hiemat
515 804 615 846 mare:
638 804 712 846 cum
734 781 799 846 sale
822 783 914 866 panis

69 863 227 937 Labentem
250 868 451 936 stomachum
474 870 554 934 bene
576 869 683 934 leniet.
724 868 816 934 Vnde
838 874 932 953 putas
955 873 1012 934 aut

68 949 277 1044 taipertum?
317 957 393 1023 Non
415 958 450 1022 in
472 979 545 1022 caro
568 958 679 1022 nidore
701 957 850 1041 voluptas

67 1037 186 1132 Summa,
209 1046 267 1112 sed
289 1046 323 1110 in
345 1050 378 1111 te
400 1045 512 1129 ipsost
552 1045 602 1110 Tu
624 1045 837 1131 pulmentaria
859 1066 975 1130 quaere
1066 1063 1100 1110 20

67 1125 203 1201 titudo:
226 1135 380 1220 pinguem
402 1133 491 1199 vitiis
514 1133 685 1218 albumque
707 1155 766 1199 nco
788 1137 895 1200 ostrea

67 1212 117 1285 Nec
134 1244 241 1288 scarus
265 1226 322 1287 aut
343 1222 463 1306 poterit
484 1222 653 1307 peregrina
675 1223 783 1286 iuvare
805 1221 917 1307 lagois.

68 1300 115 1372 Vix
131 1315 237 1376 tamen
260 1311 407 1395 eripiam,
429 1310 535 1394 posito
557 1331 681 1394 pavone
702 1310 783 1375 velis
806 1311 884 1394 quin

30 1418 33 1423 ·
67 1388 119 1462 Hoc
135 1400 242 1484 potius
266 1420 362 1482 quam
386 1397 506 1482 gallina
527 1402 652 1483 tergere
674 1397 830 1482 palatum,

68 1477 219 1572 comptus
241 1486 333 1552 vanis
355 1508 476 1570 rerum,
498 1487 574 1570 quia
595 1490 709 1551 veneat
731 1506 808 1550 auro
1066 1503 1099 1550 25

68 1564 131 1638 Rara
150 1575 218 1640 avis
240 1578 274 1639 et
295 1574 384 1658 picta
404 1574 524 1658 pandat
546 1573 727 1658 spectacula
749 1573 861 1637 cauda:

67 1652 218 1748 Tamquam
233 1662 354 1727 adrem
368 1662 503 1726 attineat
516 1662 693 1746 quisquam.
716 1660 804 1727 Num
817 1662 954 1727 vesceris
969 1661 1047 1746 ista,

68 1740 146 1819 Quum
166 1750 291 1835 laudas,
313 1749 444 1834 pluma?
468 1753 558 1815 coeto
581 1771 659 1814 num
682 1749 772 1814 adest
793 1749 896 1814 honor
918 1749 1024 1814 idem?

68 1827 145 1904 dume
165 1843 274 1904 tamen
298 1838 444 1922 quamvis
467 1838 565 1903 distat
587 1837 647 1921 nil,
668 1836 751 1902 hanc
773 1838 877 1922 magis
900 1837 956 1901 illa

69 1913 211 2006 Inparibus
233 1926 347 1992 formis
370 1926 537 2010 deceptum
560 1929 592 1990 tc
613 1927 734 2010 petere!
774 1925 864 1990 Esto.
1065 1940 1100 1990 eo

68 2001 137 2080 Vnde
158 2015 269 2080 datum
291 2014 405 2097 sentis,
426 2013 523 2098 lupus
544 2013 598 2079 hic
620 2013 790 2078 Tiberinus
813 2035 853 2076 an
876 2012 941 2077 alto

70 2089 163 2183 teus
183 2102 275 2168 hiet?
298 2106 453 2187 pontesne
475 2103 560 2166 inter
582 2102 719 2166 iactatus
742 2124 782 2165 an
805 2101 907 2165 amnis

69 2177 137 2254 Ostia
156 2191 216 2256 sub
239 2189 358 2255 rusci?
397 2189 537 2274 Laudas,
559 2190 683 2274 insane,
706 2189 864 2255 trilibrem

69 2262 193 2364 Mullum,
218 2279 253 2343 in
275 2277 403 2364 singula
426 2299 521 2361 quem
543 2278 669 2341 minuas
691 2278 856 2361 pulmenta
878 2281 1046 2342 necessest.

69 2350 143 2431 Ducit
162 2371 194 2433 te
217 2366 352 2451 species,
374 2365 479 2430 video:
503 2387 566 2449 quo
589 2366 729 2451 pertinet
752 2386 826 2450 ergo
1065 2383 1099 2431 35

69 2438 197 2520 I'rocetos
220 2455 324 2520 odisse
346 2453 463 2537 lupos?
506 2453 588 2529 Quia
610 2453 732 2518 scilicet
754 2453 819 2517 illis

70 2525 196 2608 tuorem
219 2546 334 2608 natura
355 2542 486 2605 modum
509 2542 610 2625 dedit,
631 2540 683 2605 his
704 2541 800 2605 breve
822 2540 955 2624 pondus.

71 2615 187 2701 [ieiunus
209 2651 283 2695 raro
306 2628 490 2695 stomachus
512 2629 656 2714 volgaria
677 2628 816 2712 temnit]

70 2703 241 2784 'Porrectum
263 2738 380 2803 magno
403 2738 556 2802 magnum
578 2721 720 2801 spectare
743 2717 847 2780 catino

69 2789 179 2872 Vellem’
202 2807 248 2872 ait
268 2805 423 2890 Harpyiis
446 2805 522 2890 gula
545 2805 641 2890 digna
663 2804 838 2888 rapacibus.
879 2804 1020 2890 Atros,
1065 2823 1100 2871 40

69 2876 230 2961 Prosenses
246 2892 374 2978 Austri,
393 2894 519 2977 coquite
538 2892 653 2958 horum
672 2893 812 2957 obsonia.
847 2892 1047 2977 Quamquam

69 2964 142 3048 Putet
162 3005 238 3068 aper
259 2981 478 3064 rhombusque
500 3003 623 3065 recens,
646 2980 731 3044 mala
753 2981 844 3064 copia
867 2981 993 3065 quando

69 3055 185 3152 Aegrum
208 3069 360 3136 sollicitat
382 3068 597 3154 stomachum,
619 3091 691 3133 cum
714 3069 827 3153 rapula
848 3070 961 3153 plenus

69 3143 152 3240 Atque
173 3159 279 3225 acidas
300 3157 422 3223 mavolt
443 3157 556 3223 inulas.
596 3156 742 3222 Necdum
765 3158 869 3221 omnis
893 3157 1005 3221 abacta

70 3228 214 3330 Puperies
237 3246 340 3332 epulis
362 3267 488 3331 regum:
511 3268 585 3309 nam
607 3245 726 3309 vilibus
750 3246 819 3310 ovis
1064 3263 1101 3310 45

69 3315 250 3421 Nigr'isquest
272 3334 351 3400 oleis
373 3333 468 3398 hodie
490 3333 588 3398 locus.
628 3332 724 3397 Haud
746 3334 793 3397 ita
814 3333 938 3417 pridem

70 3406 171 3489 (lulloni
192 3423 358 3510 praeconis
382 3426 451 3487 erat
473 3422 652 3506 acipensere
675 3443 785 3486 mensa
