2370 4028
375 117 483 172 LIBER
500 119 534 175 11.
916 120 980 185 245

73 282 157 346 aque,
179 261 326 346 Pisones,
350 261 540 346 Satyrorum
562 261 699 345 scriptor
721 262 848 348 amabo,
998 281 1048 331 235

73 349 112 415 sic
134 349 237 414 enitar
259 350 381 435 tragico
405 349 533 415 differre
556 348 667 434 colori,

73 437 126 502 nil
147 438 288 523 intersit,
310 437 460 503 Davusne
483 438 635 521 loquatur
658 442 690 502 et
713 439 816 503 audax

73 548 123 609 as,
145 530 297 591 emuncto
315 525 439 591 lucrata
461 524 590 591 Simone
613 524 783 611 talentum,

73 618 158 678 ustos
180 613 384 698 famulusque
406 614 457 679 dei
481 613 607 678 Silenus
630 613 759 678 alumni.

73 705 126 767 oto
148 703 260 767 fictum
283 724 409 767 carmen
432 724 559 786 sequar,
581 705 619 766 ut
641 702 703 766 sibi
726 703 831 786 quivis
995 721 1046 770 240

73 793 90 854 t
111 790 208 875 idem,
231 790 325 855 sudet
345 789 483 854 multum
503 789 685 874 frustraque
706 790 831 855 laboret

73 879 203 943 sidem:
226 882 352 944 tantum
375 879 471 942 series
494 878 703 962 iuncturaque
725 878 838 963 pollet,

73 988 115 1030 un
137 967 302 1031 demedio
326 967 462 1050 sumptis
485 966 606 1030 accedit
627 966 766 1031 honoris.

73 1100 74 1110 .
98 1054 224 1119 deducti
246 1058 378 1119 caveant
399 1076 451 1118 me
472 1054 576 1118 iudice
597 1053 714 1139 Fauni,
965 1112 967 1114 ,

73 1142 137 1207 elut
158 1143 261 1206 innati
282 1142 387 1207 triviis
411 1164 447 1207 ac
468 1164 567 1226 paene
588 1142 730 1208 forenses
995 1161 1047 1210 245

73 1230 201 1294 nimium
224 1231 341 1295 teneris
363 1231 553 1295 iuvenentur
574 1231 719 1296 versibus
741 1253 892 1315 umquam

73 1319 219 1382 ¹nnnunda
241 1323 371 1402 crepent
393 1319 668 1403 ignominiosaque
691 1319 783 1383 dicta

73 1407 190 1471 duntur
212 1407 310 1490 enim,
333 1406 449 1491 quibus
472 1411 522 1471 est
544 1428 644 1490 equus
667 1411 700 1470 et
721 1411 813 1490 pater
835 1411 868 1472 et
889 1430 953 1493 res,

80 1494 188 1578 siquid
208 1494 296 1559 friati
319 1495 428 1559 ciceris
450 1495 567 1577 probat
588 1498 621 1558 et
641 1494 733 1558 nucis
756 1499 893 1581 emptor,

73 1582 98 1645 is
121 1582 282 1666 accipiunt
304 1583 418 1646 animis
440 1582 598 1647 donantve
621 1603 744 1647 corona.
995 1601 1044 1650 250

73 1669 227 1754 balonga
248 1671 337 1735 brevi
360 1670 503 1735 subiecta
524 1674 656 1735 vocatur
678 1670 816 1755 iambus,

73 1757 155 1821 titus:
179 1758 262 1822 unde
285 1759 382 1822 etiam
404 1758 559 1823 trimetris
582 1780 758 1823 accrescere
780 1759 902 1824 iussum

73 1867 103 1910 an
125 1845 271 1930 iambeis,
294 1868 366 1911 oum
389 1868 482 1911 senos
503 1846 649 1911 redderet
670 1848 753 1911 ictus

73 1955 105 1998 ns
128 1933 168 1997 ad
191 1937 368 1999 extremum
391 1934 507 1998 similis
530 1935 605 1999 sibi:
628 1956 691 1999 non
714 1935 760 1999 ita
782 1935 918 2019 pridem,

74 2043 111 2085 or
131 2026 169 2085 ut
189 2021 297 2106 paullo
321 2023 510 2107 graviorque
532 2023 654 2087 veniret
676 2023 716 2086 ad
739 2045 843 2108 aures,
994 2041 1045 2090 255

73 2109 142 2174 leos
164 2110 295 2175 stabiles
317 2111 351 2175 in
373 2111 443 2175 iura
464 2114 597 2195 paterna
618 2111 737 2195 recepit

73 2198 170 2262 nodus
193 2201 225 2262 et
246 2199 384 2283 patiens,
406 2221 471 2262 non
492 2203 530 2262 ut
552 2199 590 2263 de
613 2199 686 2265 sede
709 2200 846 2264 secunda

73 2289 110 2350 *et
132 2290 188 2350 aut
210 2290 324 2370 quarta
345 2286 511 2351 socialiter.
552 2285 615 2350 Hic
638 2291 670 2351 et
692 2287 726 2351 in
748 2287 826 2352 Acci
933 2305 935 2313 ·

73 2373 148 2438 ibus
171 2374 325 2439 trimetris
349 2375 479 2459 adparet
501 2396 592 2439 rarus
615 2378 647 2439 et
667 2374 755 2439 Enni

73 2483 182 2526 aenam
203 2463 319 2528 missos
343 2485 415 2527 cum
437 2483 553 2547 magno
575 2463 714 2546 pondere
735 2485 846 2529 versus
994 2481 1045 2531 260

73 2571 179 2634 operae
202 2550 312 2616 celeris
335 2551 470 2615 nimium
493 2572 630 2634 curaque
652 2551 789 2616 carentis

73 2642 228 2722 Lgnoratae
250 2639 367 2723 premit
389 2639 467 2703 artis
490 2639 621 2704 crimine
645 2640 739 2723 turpi.

73 2727 177 2810 quivis
199 2727 287 2791 videt
308 2727 505 2792 inmodulata
527 2731 674 2811 poemata
696 2728 804 2811 iudex,

73 2818 117 2877 ata
137 2813 291 2880 Romanis
312 2816 437 2880 veniast
459 2815 591 2900 indigna
611 2815 724 2899 poetis.

73 2923 137 2966 :one
158 2924 256 2988 vager
277 2904 476 2987 scribamque
498 2903 651 2968 licenter?
674 2926 713 2968 an
737 2924 846 2968 omnes
993 2921 1044 2971 265

73 3011 110 3055 os
132 2994 262 3074 peccata
283 2995 393 3075 putem
415 3013 498 3075 mea,
520 2995 611 3056 tutus
634 2996 667 3055 et
688 2991 773 3055 intra

93 3079 203 3143 veniae
226 3080 359 3144 cautus?
399 3077 509 3143 Vitari
531 3079 666 3164 denique
689 3079 829 3163 culpam,

73 3165 196 3231 laudem
219 3168 329 3232 merui.
370 3165 437 3232 Vos
460 3167 653 3251 exemplaria
676 3166 796 3232 Graeca

73 3276 139 3318 una
160 3260 283 3320 versate
306 3278 416 3338 manu,
437 3258 562 3320 versate
585 3255 706 3320 diurna

73 3343 138 3406 astri
160 3344 271 3426 proavi
292 3343 460 3408 Plautinos
482 3346 515 3408 et
536 3365 686 3408 numeros
710 3348 742 3409 et

73 3453 153 3496 lvere
176 3431 271 3517 sales,
293 3432 427 3498 nimium
449 3431 609 3515 patienter
630 3437 818 3517 utrumque,
