2386 4020
113 112 243 192 11111]
502 119 610 173 nmen
627 120 648 175 1.
1029 121 1093 186 215

109 254 274 329 8111111111
295 266 424 329 ventres
445 262 553 328 lemna
575 263 728 329 candente
751 267 904 348 nepotum

108 343 215 417 Diceret
234 351 374 418 urendos
397 355 557 417 corrector
579 351 716 417 Bestius.
756 350 860 436 Idem7

105 432 248 525 Quidquid
269 443 340 506 eret
360 443 474 505 nactus
495 440 631 524 praedae
653 440 797 523 maioris,
820 441 877 505 ubi
900 462 993 506 omne

60 560 65 569 ·
105 518 234 594 Verberet
255 528 291 593 in
312 528 438 593 fumum
460 531 494 594 et
516 528 667 613 cinerem,
691 528 767 593 ‘non
788 527 917 593 hercule
939 529 1064 613 miror,'

101 608 215 702 diebet,
237 616 335 702 ‘siqui
358 616 529 682 comedunt
551 616 648 702 bone,
671 637 745 681 cum
767 616 812 681 sit
834 616 930 682 obeso
1109 634 1144 683 40

99 696 151 767 Nil
168 704 278 771 melius
300 704 410 789 turdo,
431 704 480 770 nil
500 703 596 769 volve
617 703 783 788 pulchrius
807 705 933 789 amplo?

98 784 245 858 Nimirum
266 792 322 859 hic
344 814 404 879 ego
426 813 512 878 sum3
535 814 609 857 nem
632 796 704 857 tute
725 797 758 858 et
780 792 911 877 parvola
932 792 1042 878 leudo,

73 872 170 945 dnm
189 902 239 947 res
263 880 428 966 deficiunt,
450 881 529 946 setis
551 881 636 945 inter
657 881 736 945 vilia
758 881 865 947 fortis:
909 963 910 967 Ἰ

99 960 206 1035 Verum
226 970 284 1035 ubi
308 969 386 1055 quid
407 968 523 1034 melius
546 968 706 1055 contingit
728 973 761 1034 et
783 970 925 1054 unctius,
947 969 1033 1035 idem
1135 965 1136 968 ’

98 1046 158 1121 Vos
177 1079 285 1143 sapere
307 1060 342 1123 et
363 1056 450 1123 solos
473 1057 524 1122 aio
546 1057 627 1122 bene
649 1058 770 1142 vivere,
793 1079 930 1142 quorum
1109 1074 1144 1124 45

99 1136 289 1231 conspicitur
309 1144 423 1211 nitidis
445 1145 579 1210 fundata
601 1146 736 1230 pecunie
757 1145 854 1211 villis.

506 1331 666 1342 —

546 1460 632 1526 XVI.

106 1572 147 1645 lle
163 1584 367 1669 perconteris,
389 1584 509 1650 fundus
531 1607 636 1670 meus,
659 1585 779 1669 optime
802 1584 927 1670 Quinti,

109 1661 177 1736 dno
194 1676 306 1758 pascet
328 1694 417 1739 erum
441 1695 482 1738 cn
504 1673 592 1739 bacis
616 1675 782 1759 opulentet
804 1673 906 1739 olivae

110 1749 233 1826 Ponione
255 1782 297 1827 111
318 1761 420 1846 pratis
443 1783 484 1825 en
508 1762 624 1827 amicte
646 1762 766 1827 vitibus
788 1760 890 1827 ulmo:

111 1836 250 1915 doribetur
270 1849 332 1915 tibi
354 1849 459 1915 forma
479 1849 657 1934 loquaciter
679 1854 712 1915 et
735 1850 816 1915 situs
840 1850 918 1935 egri.

112 1924 237 2003 0111111111
257 1940 398 2021 montes,
420 1937 455 2002 ni
477 1937 689 2004 dissocientur
711 1959 810 2022 opace
1126 1954 1144 2004 o

113 2012 192 2110 idle,
212 2024 269 2091 sed
290 2029 329 2091 ut
350 2025 480 2091 veniens
504 2025 652 2090 dextrum
674 2025 760 2091 latus
783 2025 938 2111 adspiciet
962 2024 1032 2109 Sol,

113 2098 224 2179 hovum
246 2112 401 2179 decedens
424 2136 519 2179 curru
540 2114 683 2199 fugiente
705 2117 846 2199 vaporet.

113 2186 284 2285 temperiem
304 2201 423 2268 leudes.
465 2201 549 2279 Quid
572 2203 600 2266 si
622 2202 800 2268 rubicunde
820 2203 953 2288 benigni

114 2276 191 2353 durno
209 2311 323 2375 vepres
346 2293 380 2356 et
400 2311 504 2375 pruna
525 2290 643 2375 ferent,
666 2291 694 2354 si
717 2312 852 2375 quercus
876 2297 909 2357 et
931 2291 995 2357 ilex

113 2362 190 2441 llulte
208 2377 303 2464 fruge
323 2399 435 2464 pecus,
456 2377 560 2443 multe
582 2378 746 2444 dominum
769 2379 857 2445 iuret
879 2379 1014 2445 umbre?
1109 2395 1143 2443 10

114 2450 184 2531 beu
203 2466 376 2532 adductum
398 2467 531 2551 propius
553 2466 700 2532 frondere
722 2466 904 2532 Tarentum.

105 2538 174 2617 dous
192 2554 289 2621 etiarn
311 2555 381 2620 rivo
405 2555 480 2620 dere
501 2576 619 2620 nomen
641 2555 786 2639 idoneus,
809 2559 846 2619 ut
868 2577 926 2621 nec

112 2626 246 2725 induor
266 2641 424 2709 Thracam
446 2664 505 2708 nec
526 2643 638 2727 purior
659 2643 780 2708 ambiat
800 2642 942 2728 Hebrus,

111 2716 216 2796 infirmo
238 2730 337 2816 cupiti
359 2731 432 2796 fluit
453 2730 558 2815 utilis,
580 2731 671 2796 utilis
695 2730 774 2796 alvo.

110 2804 162 2881 doe
177 2816 315 2885 letebree
338 2817 446 2884 dulces
469 2822 515 2903 et,
537 2819 602 2883 iam
624 2819 653 2885 si
676 2819 791 2902 credis,
814 2841 963 2884 amoenae
1109 2835 1142 2883 15

109 2892 280 2973 incolumem
302 2906 364 2971 tibi
385 2929 438 2972 me
460 2910 624 2991 praestent
648 2905 888 2991 Septembribus
910 2907 1009 2973 horis.

107 2984 144 3055 lb
160 2998 241 3061 recte
261 2995 359 3080 rivis,
381 2995 410 3059 si
432 3017 524 3060 curas
547 3017 616 3060 esse
639 2995 724 3080 quod
748 2996 846 3060 cudis.

104 3072 243 3149 boumn
264 3083 329 3148 iarn
351 3083 476 3168 pridem
499 3084 603 3148 omnis
626 3087 658 3148 te
680 3082 784 3148 Roma
805 3083 948 3169 beetum3

102 3163 152 3237 ded
169 3192 293 3256 vereor,
314 3171 408 3237 necui
431 3171 469 3236 de
492 3174 524 3236 te
546 3172 620 3255 plus
643 3193 739 3256 quam
761 3171 823 3235 tibi
845 3172 968 3256 credas,

98 3245 171 3327 llere
191 3263 288 3347 putes
310 3259 409 3325 elium
432 3259 574 3344 sapiente
597 3259 745 3344 bonoque
767 3260 911 3344 beatum,
1105 3275 1140 3323 20

93 3344 167 3435 lieu,
189 3349 219 3415 si
241 3351 274 3414 te
295 3347 435 3433 populus
458 3369 571 3412 senum
593 3351 742 3432 reeteque
763 3347 923 3413 valentem
1026 3400 1028 3407 .

90 3434 231 3523 1111111111,
253 3436 411 3503 occultam
433 3436 554 3501 febrem
577 3436 637 3500 sub
660 3439 787 3520 tempus
810 3434 923 3501 edendi
