2370 4028
145 241 209 307 150
531 240 755 296 1111111111(
1064 240 1085 314 [1

141 383 240 450 Fuste
263 384 363 449 dolat:
387 387 500 468 quarta
521 384 577 448 vix
599 384 726 449 demum
749 385 940 468 exponimur
960 385 1034 450 bora
1112 462 1114 479 Ι

143 471 207 539 Ora
228 494 403 556 manusque
426 476 483 536 tua
504 471 653 556 lavimus,
674 471 824 557 Feronia,
846 472 989 558 lympha3
1112 484 1114 511 ⁵

90 578 124 626 25
142 560 234 625 Milia
255 565 325 626 tum
347 560 455 644 pransi
478 560 541 623 tria
562 560 703 643 repimus
726 565 822 646 atque
844 561 987 626 subimus

141 648 321 733 Inpositum
344 649 429 712 saxis
450 647 515 712 late
537 648 745 713 candentibus
767 647 890 713 Anxur.

141 735 214 802 Huc
235 741 389 801 venturus
412 740 481 800 erat
501 734 667 800 Maecenas
690 735 830 820 optimus
853 740 950 822 atque

143 823 305 908 Cocceius,
327 824 419 888 missi
440 823 566 908 magnis
589 823 627 887 de
649 823 745 888 rebus
767 828 902 908 uterque

141 912 267 997 Legati,
290 933 417 976 aversos
440 911 529 976 soliti
502 916 728 1012 tconponere
750 911 879 977 amicos.

90 1017 123 1066 30
140 1000 204 1065 Hic
226 1000 326 1064 oculis
349 1020 409 1084 ego
431 999 524 1083 nigra
545 998 624 1063 meis
647 999 781 1083 collyria
801 999 911 1084 lippus

140 1086 291 1172 Inlinere;
313 1088 434 1152 interea
455 1085 621 1151 Maecenas
644 1087 827 1152 advenitat
794 1091 890 1171 atque

142 1137 291 1241 Cocceius
314 1173 491 1258 Capitoque
513 1174 610 1238 simul
630 1174 797 1259 Fonteius,
820 1175 860 1239 ad
882 1196 1015 1276 unguem

140 1263 257 1328 Factus
279 1263 389 1346 homo,
411 1261 548 1346 Antoni,
570 1283 635 1327 non
656 1266 694 1326 ut
715 1263 819 1348 magis
843 1262 938 1348 alter,
959 1262 1064 1328 amium

140 1351 270 1415 Fundos
292 1313 421 1414 Aufidio
443 1350 547 1414 Lusco
569 1354 715 1434 praetore
737 1349 876 1416 libenter

89 1455 122 1505 35
139 1438 375 1522 Linquimus,
365 1439 470 1502 1nsani
492 1438 630 1502 ridentes
652 1438 795 1521 praemia
816 1439 953 1524 scribae,

140 1527 235 1592 Praet
237 1530 290 1591 ext
291 1548 342 1590 am
365 1529 398 1590 et
418 1526 519 1589 latum
543 1525 667 1590 clavum
689 1548 874 1610 prunaeque
895 1525 1039 1592 vatillum

140 1613 178 1678 In
199 1613 433 1678 Mamurrarum
455 1614 532 1677 lassi
554 1612 667 1679 deinde
688 1614 768 1678 urbe
790 1636 969 1699 manemus,

139 1701 273 1766 Murena
294 1702 464 1802 praebente
487 1701 616 1765 domum
621 1699 751 1852 ,Capit
747 1723 807 1767 one
829 1664 977 1767 culinani.

139 1789 273 1854 Postera
293 1790 351 1854 lux
373 1790 436 1853 orit
436 1811 475 1852 ur
422 1789 600 1853 tmulto
623 1793 695 1874 grat
696 1789 819 1854 issima:
840 1812 978 1876 namquo

87 1896 121 1944 40
140 1877 322 1942 Plotiust
289 1882 322 1942 et
344 1876 462 1942 Varius
485 1876 653 1942 Sinuessae
676 1875 903 1962 Vergiliusque

140 1963 318 2031 Occummt
303 1965 491 2049 t,animae,
515 1964 623 2066 quales
645 1986 748 2048 neque
771 1965 969 2031 candidiores

140 2052 238 2119 Terra
259 2054 348 2134 tulit,
370 2074 473 2136 neque
496 2052 568 2137 quis
591 2074 643 2116 me
665 2053 710 2116 sit
731 2051 909 2118 devinctior
932 2053 1016 2118 altar.

140 2139 166 2205 Ο
190 2142 245 2225 qui
268 2141 441 2224 conplexus
464 2143 496 2204 11
518 2139 635 2225 gaudia
657 2143 777 2225 quanta
797 2139 943 2206 fuerunt!

138 2227 196 2294 Nil
218 2249 277 2313 ego
301 2227 491 2293 contulerim
513 2226 651 2292 iucundo
674 2249 770 2292 sanus
793 2228 905 2293 amico.

86 2333 120 2382 45
138 2316 290 2380 Proxima
312 2313 474 2398 Campano
496 2315 588 2398 ponti
610 2336 691 2400 quae
713 2315 839 2400 villula,
861 2320 983 2382 tectum

138 2403 291 2468 Praebuit
313 2408 346 2468 et
367 2403 511 2487 parochi,
534 2424 615 2487 quae
637 2402 754 2467 debent
757 2403 878 2489 ,ligna
900 2405 1055 2490 salemque.

138 2491 223 2556 Hinc
245 2490 325 2556 muli
348 2488 473 2575 Capuae
496 2490 631 2555 clitellas
653 2494 795 2575 tempore
817 2497 951 2575 ponunt.

138 2579 260 2643 Lusum
281 2580 308 2643 it
329 2577 510 2663 Maecenas,
533 2578 650 2643 dormit
636 2582 706 2643 tum
729 2600 788 2664 ego
811 2578 1043 2667 Vergiliusquq

139 2665 286 2750 Namque
308 2667 375 2751 pila
395 2666 526 2751 lippis
516 2666 736 2732 mimicumet
722 2666 869 2733 tludere
892 2668 1006 2734 erudis.

86 2772 121 2820 50
139 2753 224 2818 Hinc
245 2776 304 2819 nos
328 2753 440 2820 Coccei
462 2755 577 2838 recipit
598 2754 785 2838 plenissima
805 2755 896 2840 villa,

140 2841 226 2918 Quae
249 2863 345 2925 super
366 2846 416 2907 est
401 2841 539 2907 tCaudi
561 2864 727 2926 cauponas.
767 2842 863 2909 Nunc
884 2807 966 2909 inibi
987 2841 1081 2930 paucis

140 2928 299 2995 Sarmenti
273 2934 447 2995 tscurraa
469 2949 611 3015 pugnam
632 2929 793 3014 Messique
816 2929 930 2996 Cicirri

139 3017 232 3082 Musa
253 3018 350 3082 velim
372 3039 542 3101 memores,
565 3021 597 3082 et
620 3039 682 3101 quo
705 3022 795 3102 patre
817 3024 912 3084 natus
934 3023 1062 3104 uterquc

140 3104 318 3170 Contulerit
339 3105 420 3171 lites
461 3105 559 3170 Messi
582 3105 702 3169 clarum
725 3127 826 3191 genus
850 3105 938 3192 Osci3

87 3211 121 3260 ⁶5
141 3192 299 3258 Sarmenti
323 3194 450 3258 domina
473 3196 589 3258 exstat:
612 3194 651 3258 ab
673 3194 725 3258 bis
748 3195 923 3260 maioribus
946 3197 1011 3261 orti

139 3281 192 3346 Ad
214 3302 355 3365 pugnam
376 3303 499 3347 venere
538 3282 632 3347 Prior
654 3281 801 3347 Sarment
786 3285 840 3348 tus
863 3284 950 3368 ‘equi
971 3288 1005 3350 ts

139 3369 221 3434 Esse
243 3369 303 3433 feri
326 3369 464 3434 similem
487 3370 578 3435 dico?
617 3370 839 3455 Ridemus,t
807 3375 839 3435 et
861 3372 930 3454 ipse

140 3457 278 3523 Messius
301 3457 455 3542 ‘accipiof
478 3463 628 3542 caputet
649 3462 764 3523 movet.
743 3457 858 3543 Ot,
881 3463 939 3524 tua
960 3482 1061 3526 cornu

140 3545 185 3612 Ni
206 3545 291 3611 foret
313 3549 440 3611 exsecto
462 3546 608 3631 frons,’
599 3546 717 3630 mquit,
740 3546 829 3630 quid
851 3547 987 3634 faceres,
1011 3571 1084 3616 cum
