2386 4020
86 223 111 296 1.]
477 224 636 280 1111111.
994 226 1059 292 229

87 364 205 434 Carmine
227 369 261 434 di
282 368 391 453 superi
412 367 592 452 placantur,
615 369 754 434 carmine
776 367 896 434 Manes.

85 452 226 540 Agdcolae
247 457 360 541 prisci,
381 456 482 521 fortes
503 477 666 541 parvoque
688 457 788 540 beati,

86 539 193 610 berhta
214 547 291 630 post
311 544 473 609 frumenta
494 544 653 609 “levantes
675 548 819 629 tempore
840 546 924 611 festo
1079 563 1130 612 140

86 627 181 716 Corpus
203 636 237 698 et
257 633 364 716 ipsum
387 631 528 697 animum
551 654 607 716 spe
629 633 704 696 finis
727 633 806 697 dura
827 633 995 718 ferentem,

85 715 143 785 Gan
162 720 256 789 sociis
279 741 425 804 operum,
447 720 555 804 pueris
577 725 610 785 et
632 721 767 805 coniuge
788 721 866 805 fida,

84 803 217 874 'lellmem
238 829 351 892 porco,
373 805 539 873 Silvanum
560 807 642 873 lacte
665 809 809 892 piabant,

83 890 206 962 Floribus
228 899 262 961 et
282 896 359 961 vino
382 893 519 961 (demum
540 917 714 962 memorem
735 896 841 962 brevis
864 896 942 962 aeri

83 978 253 1050 decennius
272 1005 332 1069 per
352 982 438 1048 hunc
461 984 585 1049 invecta
605 985 736 1049 licentia
757 1006 877 1049 morem
1077 1003 1128 1051 145

84 1066 212 1138 Versibus
235 1070 366 1137 alternis
389 1071 561 1156 opprobria
582 1073 702 1137 rustica
722 1072 820 1156 fudit,

83 1153 266 1244 libertasque
287 1163 485 1224 recurrentes
508 1165 637 1244 accepta
657 1183 715 1244 per
737 1183 837 1226 annos

83 1241 153 1312 tuit
173 1247 365 1332 amabiliter,
386 1247 488 1313 donec
509 1248 573 1311 iam
595 1270 708 1313 saevus
732 1253 874 1333 apertam

84 1328 240 1401 hrabiem
262 1335 367 1419 coepit
388 1336 471 1400 verti
492 1336 581 1401 iocus
604 1341 637 1401 et
658 1358 716 1420 per
736 1335 887 1401 honestas

84 1415 119 1487 he
136 1423 243 1490 domos
265 1423 384 1507 inpune
406 1424 523 1488 minax.
563 1422 703 1488 Doluere
726 1428 856 1489 cruento
1078 1442 1128 1491 150

83 1504 163 1577 Dente
182 1512 337 1595 lacessiti,
358 1511 422 1576 fuit
443 1511 573 1577 intactis
595 1533 722 1596 quoque
744 1533 821 1577 cura

85 1593 251 1665 budieione
273 1620 369 1683 super
391 1599 566 1683 communi,
589 1601 668 1683 quin
691 1600 787 1664 etiam
808 1599 861 1663 lex

83 1680 227 1772 Poenaque
248 1686 327 1771 lata,
349 1686 434 1752 malo
457 1709 538 1772 quae
559 1687 660 1752 nollet
681 1687 820 1752 carmine
843 1708 1034 1771 quemquam

83 1768 217 1861 llascrrbi3
238 1778 362 1840 vertere
383 1775 514 1840 modum
536 1775 706 1840 formidine
728 1775 824 1840 fustis

83 1856 120 1925 ld
135 1863 212 1929 bene
234 1863 402 1928 dicendum
425 1863 706 1948 delectandumque
727 1864 855 1928 redacti
1077 1882 1127 1930 155

86 1943 192 2016 dueeia
213 1955 307 2035 capta
326 1951 430 2015 ferum
452 1951 605 2016 victorem
628 1953 713 2035 cepit
735 1956 768 2016 et
790 1955 873 2015 artes

85 2029 176 2104 htulit
196 2039 317 2125 agresti
337 2037 445 2103 Latio:
467 2039 513 2103 sic
534 2039 683 2103 horridus
706 2039 760 2104 ille

84 2118 202 2192 Deduxit
223 2148 374 2191 numerus
398 2124 579 2210 Saturnius,
602 2131 635 2191 et
656 2148 752 2212 grave
774 2127 862 2191 virus

84 2204 235 2280 harditiae
256 2215 419 2299 pepulere;
442 2215 498 2279 sed
519 2215 553 2279 in
574 2215 707 2300 longum
729 2219 836 2279 tamen
858 2236 969 2279 aevum

84 2290 245 2368 tmeuna
265 2302 424 2386 hodieque
445 2307 575 2367 manent
596 2302 734 2388 vestigia
754 2303 847 2367 ruris.
1077 2321 1127 2370 160

85 2380 157 2454 larus
178 2391 264 2457 enim
282 2389 411 2456 Graecis
433 2391 576 2454 admovit
597 2391 743 2455 acumina
765 2391 897 2476 chartis,

84 2468 198 2562 htpost
218 2477 341 2543 Punica
361 2477 446 2543 bella
469 2478 595 2562 quietus
619 2499 768 2562 quaerere
791 2479 909 2562 coepit,

85 2555 146 2637 trid
165 2564 339 2651 Sophocles
361 2570 394 2630 et
414 2564 550 2650 Thespis
572 2571 605 2630 et
626 2563 804 2649 Aeschylus
826 2565 905 2630 utile
928 2566 1056 2630 ferrent.

84 2642 241 2738 temptavit
263 2675 390 2738 quoque
411 2675 479 2718 rem
502 2654 530 2719 si
553 2654 647 2739 digne
670 2658 793 2719 vertere
815 2658 937 2738 posset,

83 2730 114 2801 a
127 2741 246 2825 placuit
267 2741 342 2826 sibi,
364 2746 479 2806 natura
501 2742 647 2806 sublimis
670 2746 703 2806 et
726 2765 809 2807 acer:
1077 2760 1127 2809 155

82 2816 145 2894 llam
164 2830 266 2914 spirat
286 2828 444 2914 tragicum
467 2831 545 2894 satis
567 2833 599 2894 et
620 2829 757 2894 feliciter
780 2830 887 2913 audet,

83 2906 127 2980 bt
144 2920 270 3002 turpem
291 2921 385 3001 putet
406 2918 521 2982 inscite
543 2917 720 3002 metantque
742 2918 882 2982 lituram.

82 2995 218 3090 baden,
240 3027 280 3070 ex
301 3005 406 3071 medio
429 3006 504 3090 quia
526 3027 577 3069 res
600 3006 745 3089 arcessit,
767 3005 883 3070 habere

78 3083 191 3158 luderis
212 3093 396 3179 minimum,
418 3093 473 3158 sed
494 3092 592 3157 habet
614 3095 777 3159 comoedia
799 3097 890 3158 tanto

76 3172 136 3246 Plus
157 3180 276 3265 oneris,
298 3186 417 3265 quanto
439 3181 549 3246 veniae
571 3182 686 3246 minus.
726 3180 879 3266 Adspice,
900 3181 1035 3247 Plautus
1077 3198 1126 3248 170

76 3263 128 3343 tuo
148 3273 243 3354 pacto
265 3273 373 3353 partes
395 3272 519 3333 tutetur
541 3270 676 3333 amantis
700 3268 829 3355 ephebi,

76 3352 105 3423 55
122 3358 225 3442 patris
248 3357 376 3442 attenti,
397 3357 521 3421 lenonis
543 3362 581 3421 ut
602 3357 763 3442 insidiosi,

76 3442 201 3524 inantus
224 3445 268 3510 sit
288 3444 476 3510 Dossennus
499 3445 647 3509 edacibus
670 3446 703 3508 in
726 3446 889 3531 parasitis,

76 3538 155 3614 5111111
179 3555 246 3599 non
269 3533 420 3599 adstricto
443 3538 607 3618 percurrat
628 3533 754 3618 pulpita
776 3556 877 3599 socco.
