2370 4028
60 217 116 273 xi.
131 217 255 292 xxm]
450 220 557 275 amaa
574 221 595 275 1.
983 221 1025 285 22

153 361 228 429 Non
251 366 415 428 aestuosae
438 363 548 448 lgrata
571 361 734 430 Calabriae
1010 382 1025 430 o

153 449 324 535 Armenta,
344 473 408 515 non
431 472 544 516 aurum
567 456 624 516 aut
646 453 725 517 ebur
746 451 906 538 Indicum,

195 538 271 605 Non
293 561 381 623 rura,
405 561 485 623 quae
507 539 592 604 Liris
616 541 724 624 quieta

239 626 366 692 Mordet
388 649 471 712 aqua
492 628 671 693 taciturnus
695 629 806 694 amnis.

152 776 304 842 Premant
327 775 477 841 Calenam
498 776 579 860 falce
602 777 719 861 quibus
742 778 831 843 dedit

151 864 294 929 Fortuna
315 866 428 949 vitem,
451 865 539 930 dives
562 868 595 930 et
617 867 720 931 aureis

195 952 354 1018 Mercator
377 954 514 1018 exsiccet
537 953 655 1018 culillis

239 1041 325 1107 Vina
346 1039 447 1125 †Syra
468 1045 615 1126 reparata
636 1064 755 1126 meroe,
870 1074 875 1085 ·

151 1189 211 1254 Dis
234 1213 326 1255 carus
348 1191 442 1276 ipsis,
465 1192 583 1275 quippe
605 1193 655 1254 ter
676 1194 709 1253 et
732 1193 846 1272 quater

151 1277 247 1342 Anno
269 1279 411 1342 revisens
434 1299 553 1361 aequor
574 1275 775 1340 Atlanticum

194 1365 326 1448 Inpune.
367 1363 421 1428 Me
442 1368 578 1448 pascunt
600 1364 716 1447 olivae,

238 1450 291 1516 Me
314 1451 459 1516 cichorea
480 1451 628 1536 levesque
651 1451 782 1517 malvae.

149 1600 228 1665 Frui
250 1600 371 1684 paratis
394 1604 427 1664 et
449 1601 555 1666 valido
577 1601 671 1683 mihi,

150 1688 264 1773 Latos,
288 1688 385 1753 dones
408 1710 445 1754 ac
466 1711 579 1773 precor
600 1690 726 1775 integra
919 1767 922 1773 ,

196 1775 276 1843 Oum
298 1780 418 1861 mente,
441 1799 499 1843 nec
521 1781 648 1862 turpem
671 1781 831 1843 senectam

237 1864 362 1950 Degere
385 1887 443 1930 nec
467 1866 589 1931 cithara
611 1870 779 1931 carentem.

456 2312 589 2378 XXXII.

149 2438 324 2504 Poscimur.
366 2436 481 2522 Siquid
502 2438 594 2502 vacui
617 2438 677 2502 sub
700 2439 814 2503 umbra

149 2527 300 2592 Lusimus
323 2530 442 2610 tecum,
466 2526 552 2610 quod
574 2530 607 2591 et
628 2526 715 2591 hunc
737 2527 771 2591 in
794 2548 912 2591 annum

149 2614 249 2680 Vivat
271 2619 303 2679 et
325 2615 448 2700 plures,
472 2635 531 2699 age
555 2614 606 2679 dio
627 2614 793 2700 Latinum,

192 2702 338 2787 Barbite,
361 2724 501 2786 carmen,

148 2852 264 2918 Lesbio
287 2852 427 2936 primum
449 2852 611 2916 modulate
635 2852 711 2935 oiri,

149 2939 212 3017 Qui
234 2940 325 3005 ferox
346 2940 432 3004 bello
455 2943 562 3005 tamen
585 2940 669 3004 inter
692 2961 793 3024 arma,

149 3026 224 3094 Sive
246 3028 396 3093 iactatam
419 3028 569 3113 religarat
592 3029 655 3092 udo

192 3116 301 3182 Litore
324 3118 444 3200 navim,

147 3265 299 3331 Liberum
323 3270 355 3330 et
376 3265 486 3331 Musas
508 3265 729 3348 Veneremque
753 3269 786 3330 et
808 3265 858 3330 illi

148 3352 281 3439 Semper
303 3354 487 3419 haerentem
509 3375 644 3437 puerum
669 3353 814 3438 canebat,

147 3441 194 3508 llt
214 3442 337 3526 Lycum
360 3443 463 3527 nigris
486 3441 587 3507 oculis
609 3441 766 3526 nigroque

192 3528 286 3596 (lrine
309 3532 466 3596 decomm.
