2370 4028
144 221 207 286 rcc
535 221 761 276 sirmiam
1052 219 1115 295 [ις

142 364 319 430 Detrahere
342 368 375 429 et
395 363 526 448 pellem,
548 364 670 429 nitidus
693 386 757 449 qua
779 365 916 450 quisque
938 388 995 450 per
1015 387 1060 432 ora

90 471 124 519 65
144 453 288 537 Gederet,
311 453 485 518 introrsum
508 453 625 536 turpis:
648 475 725 517 num
747 452 877 518 Laelius
899 456 933 518 et
956 455 1010 539 qui

142 541 246 606 Duxit
267 542 307 606 ab
331 563 483 625 oppressa
504 541 655 606 meritum
678 539 872 626 Carthagine
893 563 1010 608 nomen

142 629 276 715 Ingenio
300 629 413 694 offensi
436 633 492 693 aut
513 629 599 693 laeso
623 628 750 694 doluere
772 627 904 695 Metello

142 717 351 802 Famosisque
373 717 465 800 Lupo
488 721 637 801 cooperto
660 717 828 782 versibus?
868 716 972 802 Atqui

142 805 304 871 Primores
326 804 438 890 populi
461 806 597 889 arripuit
617 805 836 890 populumque
859 806 1021 892 tributim,

92 911 125 960 70
146 893 275 959 Scilicet
296 894 354 958 uni
376 915 497 978 aequus
518 893 633 958 virtuti
655 896 751 977 atque
773 893 843 958 eius
866 893 987 959 amicis.

144 982 228 1058 Quin
250 982 307 1046 ubi
330 1003 365 1046 se
387 1003 406 1045 a
427 981 525 1065 vulgo
549 984 582 1044 et
603 1003 717 1046 scaena
738 981 772 1046 in
795 986 917 1046 secreta
939 985 1087 1047 remorant

143 1069 256 1135 Virtus
280 1068 445 1153 Scipiadae
468 1073 500 1133 et
522 1069 610 1133 mitis
633 1069 790 1153 sapientia
810 1068 914 1153 Laeli,

61 1162 65 1169 '
142 1157 268 1243 Nugari
291 1179 364 1222 cum
386 1156 443 1221 illo
467 1161 499 1221 et
521 1157 668 1222 discincti
690 1156 814 1241 ludere,
836 1156 938 1222 donec

143 1246 384 1330 Decoqueretur
402 1245 486 1328 olus,
505 1245 601 1309 soliti.
638 1242 800 1329 Quidquid
818 1267 890 1309 sum
908 1264 985 1330 ego,
1003 1266 1122 1330 quamv-

92 1351 124 1398 75
143 1332 232 1399 Infra
252 1333 357 1398 Lucili
380 1355 509 1398 censum
532 1332 771 1418 ingeniumque,
793 1337 907 1398 tamen
925 1355 978 1398 mc

145 1421 225 1486 Cum
247 1421 373 1505 magnis
395 1421 514 1485 vixisse
536 1421 639 1485 invita
658 1420 813 1485 fatebitur
834 1442 938 1505 usque

143 1509 269 1574 Invidia
290 1514 324 1573 et
345 1508 453 1593 fragili
477 1531 631 1592 quaerens
654 1507 778 1573 illidere
801 1508 930 1574 dentem

144 1595 291 1662 Offendet
313 1597 430 1680 solido,
453 1597 516 1660 nisi
539 1596 617 1682 quid
638 1599 688 1680 tu,
710 1596 802 1661 docte
825 1596 972 1682 Trebati,

142 1685 324 1751 Dissentis.'
365 1685 535 1768 ‘Equidem
557 1684 640 1749 nihil
661 1683 738 1749 hinc
760 1684 929 1770 diffingere
951 1707 1082 1769 possum

90 1789 124 1837 80
145 1773 207 1838 Sed
229 1778 337 1838 tamen
359 1776 398 1837 ut
418 1774 560 1837 monitus
584 1795 708 1856 caveas,
730 1772 877 1837 neforto
898 1774 1011 1858 negoti

143 1861 284 1926 Incutiat
305 1861 366 1925 tibi
389 1861 466 1943 quid
489 1865 670 1926 sanctarum
693 1860 821 1926 inscitia
841 1859 967 1946 legum:

144 1949 179 2014 Si
201 1949 286 2014 mala
308 1949 486 2014 condiderit
507 1950 542 2013 in
565 1970 659 2033 quem
682 1948 754 2033 quis
777 1949 933 2033 carmina,
956 1949 1006 2014 ius
1027 1952 1071 2014 ost

142 2037 384 2121 Iudiciumque?
425 2036 533 2122 eEsto,
555 2037 657 2121 siquis
679 2036 776 2121 mala3
799 2035 855 2102 sed
877 2037 964 2102 bona
985 2037 1077 2122 siquis

142 2124 251 2190 Iudice
274 2123 452 2190 condiderit
474 2124 622 2191 laudatus
647 2122 801 2189 Caesare?
825 2124 929 2209 siquis

89 2228 123 2277 85
143 2211 333 2297 Opprobriis
356 2212 489 2295 dignum
511 2212 691 2296 latraverit,
713 2213 838 2298 integer
860 2211 969 2296 ipse?’

143 2299 327 2366 ‘Solventur
349 2299 416 2363 risu
440 2300 581 2385 tabulae,
603 2304 639 2365 tu
662 2301 780 2366 missus
803 2300 930 2366 abibis'

566 2486 726 2496 ———-

628 2613 669 2680 11.

143 2736 231 2815 Quae
252 2739 356 2804 virtus
379 2742 413 2803 et
435 2742 567 2823 quanta,
589 2738 680 2823 boni,
703 2739 747 2802 sit
768 2738 875 2804 vivere
898 2761 996 2825 parvo

143 2825 226 2895 (Nec
247 2848 337 2891 meus
359 2825 413 2891 hic
436 2830 586 2909 sermost,
610 2827 666 2891 sed
688 2848 768 2910 quae
790 2828 955 2912 praecepit
976 2823 1092 2892 Ofellus

142 2904 308 2998 Rusticus,
332 2914 495 2979 abnormis
517 2914 644 2997 sapiens
666 2935 835 2998 crassaque
857 2913 1025 3002 Minerva),

143 3001 266 3066 Discite
288 3023 353 3066 non
376 3004 460 3067 inter
481 3001 588 3066 lances
610 3023 799 3086 mensasque
821 3003 975 3083 nitentes,

109 3106 125 3154 5
145 3088 226 3154 (lum
249 3092 357 3173 stupet
379 3089 500 3155 insanis
524 3089 607 3153 acies
630 3089 811 3175 fulgoribus
834 3094 867 3155 et
890 3112 963 3156 cum

143 3175 285 3242 Acclinis
308 3176 399 3244 falsis
422 3177 548 3242 animus
569 3177 703 3243 meliora
724 3182 863 3263 recusat,

143 3263 266 3329 Verum
287 3262 373 3329 hic
363 3265 507 3350 inpransi
529 3287 654 3330 mecum
677 3266 852 3350 disquirite.
895 3265 960 3332 Gur
980 3260 1051 3329 hoc?

143 3351 319 3436 Dicam,
293 3374 321 3416 sr
344 3356 464 3436 potero.
505 3351 590 3418 Male
613 3375 724 3418 verum
747 3354 909 3419 examinat
932 3353 1028 3419 omnis

144 3438 322 3523 Corruptus
346 3440 448 3506 iudea
488 3440 645 3525 Leporem
668 3445 808 3507 sectatus
831 3464 953 3527 equove

92 3545 125 3593 10
144 3527 261 3593 Lassus
285 3528 324 3592 ab
348 3527 504 3595 indomito
527 3530 591 3615 vel,
614 3530 642 3595 si
664 3529 810 3595 Romana
830 3531 949 3617 fatigat
