2386 4020
87 230 112 305 i]
481 233 641 290 aaran.
996 237 1060 300 aar

85 373 181 462 Irritat,
201 377 336 463 mulcet,
357 377 449 442 falsis
471 376 648 443 terroribus
670 375 786 463 inplet,

85 461 252 553 linoges,
278 469 312 532 et
332 465 429 530 modo
450 487 502 530 me
524 464 657 551 Thebis,
681 466 777 530 modo
799 467 893 551 ponit
914 465 1060 534 Athenis.

84 549 178 619 Verum
201 574 260 640 age
283 557 317 619 et
337 553 403 638 his,
426 553 482 637 qui
504 575 539 618 se
560 553 674 619 lectori
697 555 822 619 credere
844 554 969 620 malunt

84 637 162 716 Quam
183 642 373 728 spectatoris
394 640 525 705 fastidia
545 640 628 706 ferre
651 642 794 727 superbi,
1079 661 1132 710 215

83 725 174 795 Gumm
196 730 293 797 redde
314 730 456 813 brevem,
478 729 507 794 si
528 750 645 794 munus
667 728 818 815 Apolline
841 730 974 816 dignum

82 812 126 883 Vis
144 817 288 904 conplere
309 817 403 882 libris
425 821 458 882 et
479 817 607 881 ratibus
630 817 745 883 addere
768 817 883 903 calcar,

81 900 116 969 Vt
131 907 232 973 studio
254 905 375 971 maiore
396 909 508 989 petant
530 904 687 970 Helicona
708 907 872 972 virentem.

83 987 162 1060 llulta
183 994 312 1080 quidem
334 993 428 1058 nobis
449 993 584 1058 facimus
606 993 692 1057 mala
713 1015 808 1079 saepe
829 998 955 1080 poetae,

83 1075 115 1146 ll
131 1083 233 1149 vineta
255 1085 383 1166 egomet
405 1081 533 1146 caedam
555 1101 639 1165 mea,
662 1104 735 1146 cum
757 1083 818 1147 tibi
839 1083 959 1148 librum

84 1163 203 1236 Sollicito
226 1170 340 1235 damus
363 1173 419 1234 aut
440 1169 539 1255 fess03
562 1190 634 1234 cum
656 1169 827 1256 laedimur,
849 1193 949 1237 unum

84 1250 167 1342 Siquis
188 1258 398 1324 amicorumst
419 1278 516 1323 ausus
537 1258 726 1341 reprendere
748 1279 890 1346 versum3

85 1339 142 1411 (lun
160 1347 231 1412 loca
253 1346 318 1410 iam
339 1345 473 1411 recitata
494 1345 689 1410 revolvimus
712 1346 900 1434 inrevocati3

85 1426 141 1499 dum
160 1434 375 1499 lamentamur
396 1454 461 1498 non
484 1433 635 1517 adparere
656 1433 783 1499 labores

83 1513 195 1589 Nostros
217 1525 252 1588 et
273 1522 363 1587 tenui
386 1520 521 1586 deducta
542 1524 690 1605 poemata
711 1522 780 1607 filo;

84 1602 143 1675 lium
161 1630 327 1696 speramus
350 1631 387 1675 eo
409 1630 477 1675 rem
500 1612 680 1694 venturam,
702 1613 740 1674 ut
762 1610 860 1675 simul
882 1615 977 1696 atque

84 1690 208 1764 lumina
229 1698 376 1764 rescieris
398 1718 458 1762 nos
479 1698 613 1782 fingere,
637 1697 822 1762 commodus
844 1697 931 1764 ultro

83 1778 213 1853 Aroessas
236 1790 385 1871 elegere
406 1788 494 1850 vetes
517 1789 551 1850 et
573 1785 710 1850 scribere
733 1791 837 1871 cogas.

84 1863 128 1936 tu
145 1878 252 1939 tamen
275 1876 325 1938 est
347 1894 460 1958 operae
483 1873 623 1957 pretium
645 1893 850 1959 cognoscere,
872 1875 982 1959 quales

83 1952 214 2028 Aedituos
236 1960 354 2026 habeat
374 1960 452 2026 belli
474 1965 616 2046 spectate
639 1962 788 2046 domique

83 2039 185 2136 Virus,
208 2050 341 2134 indigno
363 2070 428 2114 uon
450 2048 666 2114 conmittende
687 2053 809 2133 poetae.

84 2127 177 2204 laus
198 2136 383 2202 Alexandro
405 2138 475 2222 regi
497 2157 613 2223 magno
636 2137 700 2201 fuit
720 2137 775 2202 ille

83 2214 240 2310 lucemus,
263 2225 393 2291 incultis
416 2225 473 2311 qui
494 2224 638 2290 versibus
661 2229 694 2290 et
715 2225 798 2291 male
820 2227 905 2292 natis

82 2301 198 2379 Rettulit
220 2317 379 2398 acceptos,
401 2312 509 2398 regale
530 2314 701 2398 nomisma,
723 2312 900 2399 Philippeo

83 2388 128 2463 lad
145 2401 246 2467 veluti
267 2404 405 2466 tractata
425 2405 535 2466 notam
556 2400 725 2485 labemque
748 2402 918 2468 remittunt

82 2477 262 2574 lumenta,
282 2489 349 2554 fere
371 2489 543 2573 scriptores
566 2489 704 2554 carmine
727 2489 820 2554 foedo

83 2563 233 2656 Splendida
254 2577 340 2642 facta
360 2576 475 2641 linunt
516 2574 604 2641 Idem
626 2597 683 2641 rex
706 2576 775 2660 ille,
797 2598 911 2660 poema

83 2652 128 2734 llll
145 2669 212 2731 tam
234 2664 405 2731 ridiculum
428 2669 495 2729 tam
518 2687 588 2730 care
611 2664 766 2750 prodigus
789 2665 880 2749 emit,

82 2738 174 2819 lucto
196 2754 315 2838 vetuit,
335 2753 448 2837 nequis
471 2775 505 2818 se
527 2756 654 2836 praeter
675 2749 823 2836 Apellam

82 2827 210 2927 lugeret
232 2845 289 2906 aut
311 2841 392 2905 alius
415 2839 558 2925 Lysippo
582 2841 711 2905 duceret
733 2861 806 2905 aera

82 2915 166 2994 Fortis
187 2928 360 2994 Alexandri
385 2929 509 2993 voltum
532 2927 723 2993 simulantia.
766 2927 887 3005 Quodsi

81 3004 217 3083 iudicium
240 3017 358 3082 subtile
379 3016 525 3082 videndis
548 3017 671 3081 artibus
694 3015 775 3080 illud

81 3096 118 3168 Ad
135 3104 236 3171 libros
259 3110 292 3185 et
313 3105 354 3170 ad
374 3104 454 3170 haec
474 3103 640 3169 Musarum
664 3104 747 3168 dona
767 3125 911 3189 vocares,

76 3183 216 3260 Boeotum
238 3193 273 3258 in
295 3214 401 3258 crasso
423 3193 545 3258 iurares
568 3214 640 3258 aere
663 3196 783 3256 natum.

76 3277 229 3366 ltneque
252 3280 442 3347 dedecorant
463 3285 521 3345 tua
543 3280 581 3345 de
604 3302 639 3345 se
662 3280 780 3344 iudicia
801 3283 897 3364 atque

76 3364 204 3454 lunera,
228 3390 308 3453 quae
330 3369 433 3435 multa
455 3369 560 3433 dantis
583 3389 656 3432 cum
677 3368 771 3432 laude
794 3368 937 3433 tulerunt

76 3457 176 3524 lilecti
198 3457 260 3522 tibi
282 3457 447 3542 Vergilius
469 3456 650 3540 Variusque
672 3458 798 3540 poetae,

76 3545 122 3617 lec
144 3546 252 3632 magis
275 3546 418 3631 expressi
439 3543 547 3610 voltus
568 3566 627 3628 per
649 3543 769 3609 ahenea
792 3545 884 3629 signe
