2370 4028
140 226 205 292 208
516 220 772 278 urrsrvunavn
1002 214 1103 291 [ιιι-ι

139 369 199 435 Nil
221 369 330 435 audire
352 367 464 452 velim,
485 367 533 431 nil
556 366 689 450 discere,
713 364 820 466 quod
821 362 909 428 levet
932 383 1059 448 aegrum

140 458 229 523 Fidis
253 456 395 522 offendar
416 454 595 539 medicis,
586 476 705 519 rrcscar
728 452 853 536 amicis,
1111 504 1113 511 .

89 564 122 612 10
142 545 206 612 Gur
228 568 279 610 me
301 545 429 610 funesto
452 545 625 628 properent
647 563 753 606 arcere
775 545 922 624 veterno3

142 635 230 712 Quae
253 655 388 698 nocuere
412 653 539 716 sequar,
561 631 684 716 fugiam
708 650 789 714 quae
811 628 942 714 profore
964 626 1074 709 credan3
1110 644 1113 725 3

140 723 262 788 Romae
284 721 387 786 Tibur
409 742 513 785 amem
534 722 700 803 ventosus,
722 717 843 782 Tibure
865 715 1006 782 Romam
1111 738 1113 763 :

140 810 221 876 Post
207 809 334 894 thaec,
357 813 395 874 ut
415 808 533 911 valeat,
557 829 620 892 quo
642 810 737 891 pacto
760 828 829 871 rem
853 807 996 890 gerat
966 826 983 870 ο
1014 824 1052 886 se,

142 898 189 963 Vt
210 897 365 983 placeat'
355 898 476 981 iuveni,
495 900 631 998 percont
632 917 699 979 are,
721 898 821 979 utque
846 915 884 958 oo
883 892 979 958 horti.

90 1004 123 1053 15
142 986 178 1052 Si
201 987 285 1052 dicet
308 985 431 1069 recte,'
453 985 594 1069 primum
617 983 767 1069 gaudere,
791 981 929 1047 subinde

142 1075 296 1159 Praecept
282 1079 351 1139 tum
375 1072 526 1138 auriculis
548 1071 610 1136 hoo
632 1070 789 1136 instillare
811 1073 986 1135 memento·

143 1162 189 1228 Vt
211 1167 248 1228 tn
258 1098 445 1246 Iiortunam,
469 1161 515 1226 sic
537 1163 665 1244 noste,
688 1157 791 1243 (lelse,
813 1157 963 1224 feremus.

596 1440 702 1507 Vllll

145 1558 332 1643 Septimius,
356 1557 481 1642 Claudi,
504 1557 657 1622 nimirum
679 1555 841 1642 intellegit
863 1576 962 1640 unus,

145 1647 264 1723 Quanti
285 1669 337 1711 me
359 1647 472 1731 facias3
494 1669 569 1710 nam
592 1667 667 1711 cum
687 1649 782 1731 rogat
804 1648 837 1709 οι
859 1666 954 1728 prece
976 1641 1058 1727 cogit,

146 1734 274 1799 Scilicet
260 1738 370 1800 ttut
356 1735 417 1799 tibi
440 1757 474 1800 se
496 1733 625 1801 laudare
649 1737 682 1799 et
703 1733 827 1799 tradere
851 1754 960 1818 coner,

144 1824 287 1908 Dignum
309 1827 416 1888 mente
440 1823 598 1907 domoque
619 1821 758 1907 legentis
780 1820 919 1886 honesta
939 1783 1068 1899 Neronis,

110 1929 126 1977 5
144 1910 277 1976 Munere
300 1933 373 1976 oum
395 1911 488 1995 fungi
509 1910 669 1995 propioris
693 1913 801 1976 censet
823 1908 932 1974 amici.

146 1999 230 2078 Quid
251 2000 374 2084 possim
396 1999 484 2063 videt
470 2003 543 2064 tac
565 1999 656 2064 novit
677 2020 729 2063 me
750 1997 910 2062 valdius
900 2017 980 2081 rpso.

145 2088 250 2153 Multa
216 2088 401 2172 tquidem
425 2087 503 2172 dixi,
527 2109 583 2152 cur
606 2091 775 2152 excusatus
799 2086 935 2170 abirem3

146 2176 210 2242 Sed
231 2176 339 2260 timui,
362 2198 433 2240 mea
454 2198 494 2240 ne
516 2175 648 2240 finxisse
671 2174 797 2240 minora
818 2179 964 2259 putarer,

144 2227 339 2329 Dissimulad
339 2285 375 2327 οι
398 2264 469 2365 opis
491 2263 651 2347 propriae,
674 2263 756 2327 mihi
779 2262 966 2328 commodus
986 2258 1042 2324 uui

95 2372 127 2419 10
148 2351 201 2417 Sic
225 2372 297 2436 ego,
319 2352 450 2416 maioris
460 2352 601 2437 fugiens
624 2351 796 2436 opprobria
818 2350 945 2436 culpae,

146 2439 275 2504 Frontis
298 2441 338 2503 ad
360 2440 500 2506 urbanae
523 2440 671 2505 descendi
679 2440 842 2542 ,praemia
884 2436 1003 2515 Quodsi

146 2527 337 2612 Depositum
359 2528 471 2593 laudas
495 2529 536 2593 ob
560 2528 654 2593 amici
677 2528 765 2594 iussa
786 2527 957 2613 pudorem,

147 2615 257 2682 Scribe
280 2617 329 2682 tui
352 2617 460 2702 gregis
482 2616 569 2682 hunc
592 2621 624 2682 et
645 2616 763 2681 fortem
785 2616 877 2681 crede
899 2615 1069 2698 bonumque

572 2787 732 2795 —--—

635 2897 673 2962 X.

147 3013 246 3078 Vrbis
269 3018 444 3079 amatorem
465 3011 606 3077 Fuscum
630 3013 751 3077 salvere
775 3011 924 3076 iubemus

147 3102 245 3167 Ruris
268 3107 439 3185 amatoreS,
461 3100 522 3165 hac
544 3101 579 3165 in
601 3123 635 3165 re
658 3100 780 3164 scilicet
801 3121 866 3164 una

147 3189 288 3254 Multum
312 3189 496 3274 dissimiles,
520 3192 553 3252 at
576 3192 681 3253 cetera
702 3211 802 3272 paene
826 3187 956 3272 gemelli

147 3277 311 3342 Fraternis
334 3278 462 3342 animis:
487 3277 644 3362 quidquid
666 3280 764 3362 negat
787 3276 881 3361 alter,
903 3280 938 3340 et
961 3276 1043 3356 altcr3

113 3365 348 3431 5†Adnuimus
369 3366 491 3450 pariter
512 3365 615 3430 vetuli
636 3366 769 3450 notique
793 3364 943 3429 columbi.

148 3453 198 3518 Tu
220 3454 332 3517 nidum
355 3475 476 3538 servas,
499 3474 558 3538 ego
581 3453 677 3518 laudo
700 3453 785 3517 ruris
808 3453 934 3518 amoeni

147 3542 248 3607 Rivos
271 3546 304 3606 et
325 3563 435 3606 musco
460 3542 639 3606 circumlita
661 3563 738 3606 saxa
760 3563 945 3626 nemusque
