2370 4028
493 227 695 283 cremum

243 369 360 435 condit
383 371 519 456 quisque
542 371 626 436 diem
651 371 799 439 collibus
824 375 861 439 in
884 376 956 459 suis,

242 459 287 523 Et
309 459 408 523 vitem
430 459 544 524 viduas
567 459 656 524 ducit
679 461 724 524 ad
748 462 899 549 arbores3

242 547 328 612 Hinc
350 548 391 611 ad
413 547 488 611 vina
510 548 593 612 redit
614 547 722 613 laetus
747 553 784 614 et
807 551 919 616 alteris

287 635 332 700 Te
355 635 474 700 mensis
498 636 628 701 adhibet
651 636 767 723 deum3

243 784 288 850 Te
312 785 415 850 multa
436 808 542 871 prece,
565 790 598 852 te
620 786 839 871 prosequitur
860 810 943 854 mero

244 873 367 939 Defuso
389 875 524 959 pateris,
547 878 580 938 et
600 874 741 939 Laribus
765 879 865 940 tuum

245 960 361 1026 Miscet
382 984 514 1048 numen,
536 963 586 1026 uti
610 960 744 1026 Graecia
768 961 916 1030 Castoris

287 1049 332 1114 Et
354 1051 463 1135 magni
485 1072 608 1115 memor
629 1049 793 1115 Herculis.

247 1198 384 1284 ‘Longas
408 1221 427 1264 o
450 1199 588 1284 utinam,
611 1199 676 1263 dux
697 1199 799 1285 bone,
821 1201 921 1267 ferias

243 1287 391 1352 Praestas
414 1287 617 1372 Hesperiaei'
641 1286 779 1353 dicimus
802 1289 932 1376 integro

246 1374 329 1441 Sicci
351 1398 444 1440 mane
467 1377 532 1460 die,
556 1375 689 1440 dicimus
713 1377 819 1463 uvidi,

289 1462 369 1528 Cum
392 1463 442 1529 sol
464 1462 590 1529 Oceano
613 1465 731 1529 subest.

568 1910 624 1978 VI.

248 2036 344 2120 Divo,
367 2057 462 2120 quem
484 2033 590 2120 proles
612 2035 739 2101 Niobea
760 2058 901 2124 magnae

248 2123 417 2188 Vindicem
438 2124 567 2210 linguae
590 2123 769 2209 Tityosque
791 2131 907 2211 raptor

250 2210 357 2277 Sensit
380 2216 412 2277 et
434 2212 547 2277 Troiae
570 2234 669 2297 prope
691 2212 798 2277 victor
820 2215 907 2280 altae

292 2299 430 2365 Phthius
453 2300 610 2386 Achilles,

250 2449 371 2516 Ceteris
393 2450 508 2535 maior,
530 2451 592 2515 tibi
614 2450 707 2515 miles
729 2450 838 2538 inpar,

248 2538 351 2604 Filius
375 2539 521 2622 quamvis
544 2538 689 2604 Thetidis
712 2540 856 2607 marinae

249 2627 414 2691 Dardanas
436 2632 540 2691 turres
564 2629 710 2710 quateret
731 2630 901 2694 tremenda

294 2714 431 2799 Cuspide
453 2735 591 2799 pugnax.

250 2865 322 2951 Ille,
345 2864 486 2930 mordaci
507 2863 596 2928 velut
618 2864 682 2930 iota
704 2864 789 2929 ferro

251 2954 351 3019 Pinus
375 2958 430 3018 aut
452 2952 580 3036 inpulsa
602 2974 770 3037 cupressus
795 2975 888 3040 euro,

249 3042 393 3108 Procidit
415 3041 480 3106 late
502 3040 673 3126 posuitque
697 3040 816 3106 collum
839 3043 875 3107 in

293 3130 429 3196 Pulvere
451 3128 581 3193 Teucro.

251 3278 309 3345 Ille
331 3302 396 3345 non
418 3278 561 3344 inclusus
585 3301 666 3363 equo
688 3278 851 3343 Minervae

253 3366 348 3432 Sacra
370 3368 505 3433 mentito
528 3367 611 3431 male
634 3367 765 3432 feriatos

253 3456 352 3520 Troas
376 3460 408 3520 et
429 3456 546 3521 laetam
568 3454 689 3519 Priami
713 3455 837 3520 choreis

295 3544 434 3609 Falleret
456 3545 573 3630 aulam3

985 231 995 302 i
