2370 4028
47 221 221 292 1-xx1111.]
414 221 561 276 1111111.

142 365 231 430 Ρο19
254 365 313 429 sub
337 386 432 430 curru
454 365 590 428 nimium
612 364 785 448 propinqui

145 452 229 518 Solis
252 453 286 517 in
309 457 394 517 terra
417 452 564 517 domibus
587 456 716 537 negata:

142 541 245 606 Dulce
267 541 424 607 ridentem
445 540 586 625 Lalagen
610 540 736 625 amabo,

195 629 297 694 Dulce
319 629 512 713 loquentem.

429 1077 540 1142 XXIH

165 1201 259 1266 Vitas
281 1201 410 1266 hinuleo
433 1224 485 1266 mc
508 1201 636 1285 similia,
659 1200 770 1285 011109,

166 1288 338 1366 Quaerenti
360 1289 509 1374 pavidam
531 1291 694 1355 montibus
717 1291 796 1354 aviis

209 1377 346 1442 Matrem
368 1399 434 1442 non
456 1379 524 1442 sine
546 1401 627 1443 rano

252 1465 414 1531 Aurerum
437 1469 470 1531 et
492 1466 592 1531 siluae
614 1470 710 1531 metu.

164 1614 250 1680 Nam
273 1636 329 1680 seu
351 1615 525 1680 mobilibus
548 1615 632 1679 reris
655 1613 815 1678 inhorruit
971 1630 988 1678 o

164 1701 333 1767 Adventus
355 1703 457 1786 foliis,
480 1725 536 1767 seu
558 1703 675 1767 virides
698 1702 813 1766 rubum

208 1790 379 1855 Dimovere
400 1791 550 1874 lacertae,

251 1879 297 1942 Et
321 1879 414 1943 corde
438 1882 471 1942 et
492 1878 628 1964 genibus
651 1878 768 1942 tremit.

164 2027 267 2111 Atqui
289 2050 355 2093 non
378 2049 437 2113 ego
460 2031 492 2092 19
513 2028 608 2113 tigris
630 2031 668 2092 ut
690 2049 801 2112 aspera

166 2115 359 2182 Gaetulusve
380 2116 431 2181 leo
453 2116 598 2201 frangere
620 2138 806 2200 persequor:

208 2203 350 2268 Tandem
375 2204 482 2269 desine
504 2209 640 2287 matrem

253 2292 457 2376 Tempestiva
479 2294 570 2377 sequi
592 2293 669 2358 viro.

406 2543 564 2551 ..ι-

421 2733 556 2799 XXIIII.

94 2854 173 2932 Quis
197 2857 353 2922 desiderio
377 2858 421 2922 sit
442 2859 546 2942 pudor
568 2862 624 2923 aut
645 2858 758 2922 modus

93 2944 172 3008 Tam
196 2946 261 3009 cari
285 2946 421 3029 capitis?
462 2946 613 3031 Praecipe
635 2946 788 3030 lugubres

93 3031 226 3117 centua,
248 3033 462 3120 Melpomene,
485 3036 537 3100 cui
558 3035 713 3119 liquidam
736 3039 826 3120 pater

140 3120 261 3186 Vocem
284 3145 356 3186 eum
380 3123 504 3187 cithara
526 3123 620 3188 dedit.

90 3269 179 3356 Ergo
204 3270 396 3347 Quintilium
418 3277 591 3357 perpetuus
614 3294 710 3357 sopor
969 3291 985 3340 5

91 3357 239 3444 Vrguet?
280 3359 339 3425 Oui
362 3360 471 3425 Pudor
492 3364 525 3425 91
546 3359 677 3426 Iustitia
698 3367 731 3427 91
754 3384 856 3447 soror,

90 3444 280 3532 incorrupta
301 3449 409 3536 Fides,
432 3450 580 3534 nudoque
602 3449 730 3515 Veritas

140 3535 272 3612 Quando
296 3537 398 3603 ullum
421 3538 562 3603 inveniet
583 3539 714 3624 parem?
