2370 4028
423 213 705 269 PROLEGOMENA.
1014 215 1067 279 VII,

59 360 159 420 minus
177 361 223 420 bis
240 363 383 439 pleraque
400 364 588 439 recoquenda
606 364 669 424 sine
687 365 789 424 fructu
806 365 878 424 ullo.
907 364 1074 430 Praeterea,

60 449 156 508 recisa
183 451 331 525 quaedam
353 471 388 510 ex
411 452 464 526 eis,
489 471 566 528 quae
590 453 625 511 de
649 453 796 512 codicibus
827 452 1066 527 editionibusque

60 537 182 597 Horatii
213 539 356 615 dixeram,
389 540 496 616 quibus
529 541 601 599 alibi
632 542 737 600 melior
765 542 813 600 rel
844 543 968 617 paratus
1001 543 1066 598 erat

62 626 144 685 locus
166 628 215 685 vel
236 628 395 703 parandus.

150 715 253 773 Talem
275 718 384 792 autem,
407 717 484 776 sicut
506 716 708 793 superioribus
732 719 817 776 annis
839 718 961 790 facturn,
974 717 1065 791 ¹typis

61 803 282 877 exprimendam
304 806 473 864 curavimus
496 805 623 881 speciem
642 807 806 864 carminum
822 805 1065 879 Horatianorum,

60 894 96 948 ut
123 910 161 949 ne
187 911 265 950 nunc
289 892 409 968 quidem
434 894 531 952 maior
556 895 652 954 multo
681 913 771 970 quarn
799 897 867 952 ante
894 892 1065 951 traditionis

60 980 203 1056 vulgatae
229 979 314 1039 fieret
334 981 476 1057 mutatio,
500 982 552 1040 sed
578 1001 693 1056 eorum,
717 1001 794 1058 quae
817 982 988 1042 coniectura
1017 999 1064 1038 ex·

59 1067 224 1126 istimarem
241 1069 394 1145 mutanda,
412 1070 556 1146 pleraque
573 1070 605 1128 in
619 1070 833 1147 Prolegomena
847 1069 1066 1146 ablegarentur.

60 1155 124 1215 Nec
155 1156 234 1214 enim
260 1158 359 1233 placet
381 1157 554 1233 editionem,
582 1177 659 1232 quae
686 1158 884 1234 plurimorum
912 1157 1066 1216 hominurn

61 1263 223 1319 eorumque
247 1245 381 1304 doctrina
399 1264 433 1306 ac
456 1246 565 1306 iudicio
585 1247 851 1305 diversissimorum
872 1246 981 1304 teritur
999 1263 1064 1319 usu,

60 1333 180 1407 saepius
204 1333 320 1392 differre
343 1353 361 1392 a
382 1334 510 1394 lectione
533 1335 690 1394 communi.
730 1333 789 1392 Sed
810 1334 930 1392 hercule
952 1333 1066 1408 pariter

60 1421 114 1478 illa
144 1421 227 1480 fuere
255 1421 450 1497 providenda,
480 1442 534 1498 per
557 1441 635 1498 quae
663 1423 785 1481 meliora
812 1424 913 1497 posset
941 1421 1064 1495 edoceri,

61 1509 115 1584 qui
137 1509 292 1586 vulgarem
315 1513 490 1586 aspernatus
514 1514 591 1569 esset
613 1510 789 1568 scabritiem.

151 1595 292 1657 Servatus
312 1598 430 1656 libellus
449 1598 486 1656 de
502 1599 606 1657 metris
619 1599 803 1658 Horatianus
821 1597 924 1674 paucis
948 1597 1065 1672 additis,

61 1685 160 1761 qualis
182 1685 290 1744 fuerat.
331 1685 425 1754 Quem
446 1690 633 1746 contractum
654 1687 686 1745 11
710 1687 838 1746 editione
862 1686 990 1744 secunda
1013 1703 1066 1744 cur

60 1774 190 1832 multum
204 1793 380 1851 augeremus
395 1775 541 1835 eominus
556 1775 617 1834 fuit
630 1793 729 1849 causa,
749 1774 829 1851 quod
846 1777 966 1849 praeter
980 1773 1065 1831 Sum·

60 1862 190 1920 marium
211 1863 256 1921 rei
281 1863 422 1921 metricae
443 1862 570 1921 Latinae
592 1882 619 1920 a.
641 1861 930 1922 MDGGOLXXVHI
952 1862 1066 1920 editum

61 1968 194 2010 sermone
216 1949 338 2025 Latino,
362 1950 442 2027 quod
463 1952 628 2011 multorum
653 1969 713 2009 usu
738 1951 860 2025 teritur,
884 1949 1019 2026 deinceps
1047 1969 1066 2006 a

60 2039 145 2098 nobis
177 2039 348 2097 summatim
377 2042 516 2098 enarrata
545 2043 591 2098 est
618 2037 732 2098 Graeca
758 2039 849 2097 simul
878 2039 1002 2097 metrica
1032 2057 1065 2096 ac

60 2126 171 2185 Latina
192 2126 268 2186 libro
292 2125 464 2186 Germanice
487 2127 611 2203 scripto,
636 2128 742 2203 quiin
764 2128 923 2202 plerasque
946 2127 1065 2203 linguas

61 2218 107 2274 est
127 2216 300 2273 translatus.

148 2303 208 2362 Pro
230 2303 388 2362 annalibus
411 2304 575 2362 carminum
592 2303 826 2363 Horatianorum
845 2322 880 2361 ex
899 2300 930 2361 0.
943 2303 1066 2361 Frankii

59 2390 136 2450 libro
169 2391 323 2467 descriptis
353 2410 519 2467 proponere
551 2394 615 2449 erat
643 2392 675 2450 11
707 2392 805 2450 animo
836 2411 905 2449 eum
934 2391 1066 2450 ordinem

60 2499 219 2555 annorum,
249 2499 339 2555 quem
368 2499 422 2556 ego
452 2479 549 2539 denuo
579 2480 611 2536 in
640 2480 764 2538 eandem
794 2498 858 2537 rem
888 2479 1065 2554 inquirendo

59 2567 247 2643 probandum
278 2567 523 2626 existimaveram.
569 2566 627 2626 Sed
656 2567 691 2625 de
722 2571 856 2642 tempore
889 2565 1066 2625 Saturarum

60 2656 247 2733 singularum
279 2658 309 2713 et
339 2656 548 2733 Epistularum
580 2655 653 2731 quid
684 2658 848 2714 statuerem
879 2674 947 2714 cum
978 2656 1065 2714 facile

59 2747 160 2820 posset
189 2743 301 2802 addisci
331 2763 366 2802 ex
395 2744 439 2802 ed.
468 2742 702 2818 Vindobonensi,
733 2742 904 2802 Garminum
933 2762 1003 2804 vero
1036 2747 1066 2802 01

59 2832 233 2908 Epodorum
250 2832 461 2892 commentario
479 2831 612 2892 nondum
630 2834 708 2890 esset
723 2832 865 2907 imposita
878 2832 986 2890 ultima
1003 2848 1065 2889 ma-

59 2939 129 2996 nus,
151 2919 235 2980 nolui
257 2919 400 2978 tabellam
427 2920 628 2978 Frankianam
649 2920 758 2979 veteris
785 2920 977 2996 possessionis
1001 2920 1066 2980 iure

59 3009 214 3084 depellere.

145 3096 271 3155 Interim
304 3094 346 3155 sic
377 3094 499 3171 habeto,
529 3114 597 3154 cum
630 3095 735 3171 spatiis
768 3115 926 3172 annorum,
958 3097 1066 3172 quibus

57 3184 200 3260 Bentleii,
224 3187 372 3259 quantum
393 3184 516 3259 licebat,
539 3187 658 3243 secutus
681 3184 809 3261 vestigia
833 3184 976 3244 editiones
1007 3186 1064 3244 sin-

58 3274 198 3350 gulorum
226 3272 370 3332 librorum
400 3272 629 3347 circumscripsit
655 3272 816 3347 Frankius,
843 3273 917 3331 mihi
946 3277 1067 3349 praeter

57 3380 155 3438 pauca
174 3361 321 3437 quaedam
339 3361 502 3435 convenire,
525 3361 570 3419 ita
588 3360 716 3437 quidem,
739 3363 775 3418 ut
794 3360 919 3419 Saturas
938 3365 968 3420 01
986 3362 1064 3438 Epo·

58 3450 110 3510 dos
133 3450 212 3509 inter
234 3468 327 3509 annos
350 3452 391 3508 41
416 3453 447 3508 et
470 3451 525 3525 30,
550 3447 720 3507 (terminum
747 3449 861 3525 priores
883 3452 944 3508 tres
974 3450 1065 3510 libros

56 3539 136 3597 inter
159 3540 200 3598 30
224 3540 333 3614 0124,
357 3541 501 3614 quartum
522 3538 601 3597 inter
625 3540 666 3597 17
690 3541 720 3597 01
745 3539 785 3596 13
811 3538 988 3615 compositos
1017 3557 1064 3597 ex-
