2370 4028
148 189 225 243 XXII
516 185 797 244 PROLEGOMENA.

147 337 240 396 dioari
257 337 428 413 expectaris.
451 337 510 396 Sed
523 337 601 396 enim
613 340 703 413 poeta
716 356 789 396 usus
803 338 1001 415 ambiguitate
1020 339 1149 398 notionis

147 445 182 484 ea
204 426 313 485 subicit
336 445 413 502 quae
434 426 578 484 videmus,
619 425 762 484 Similiter
784 426 816 484 in
839 444 862 485 e.
881 427 952 485 XVI
974 425 1024 484 lib.
1044 427 1077 486 Π
1100 428 1151 488 otii

146 514 324 574 vocabulum
346 533 414 573 oum
436 513 474 572 ad
496 513 681 573 vacationem
708 514 845 574 laborum
867 533 1084 574 aomanorum
1107 535 1150 575 ex·

147 603 332 678 primendam
357 622 411 679 per
437 620 488 661 sex
513 619 616 661 versus
643 601 838 678 adhibuisset,
871 603 974 662 statim
1002 622 1036 663 eo
1064 621 1151 663 sensu

147 694 283 767 usurpat,
304 693 341 749 ut
363 691 479 749 animus
501 709 573 749 eura
596 691 627 748 et
643 689 766 749 libidine
784 709 885 750 carens
907 710 941 751 eo
959 691 1150 769 signifioetur.

234 779 288 854 ΠΙ,
304 781 332 837 3.
367 777 432 837 Hoo
459 796 577 837 carmen
598 777 765 837 Meinekius
793 797 861 839 oum
888 779 955 838 aliis
982 780 1087 838 multis
1110 799 1150 839 se-

148 868 237 925 outus
258 869 375 943 partem
396 865 540 925 librorum
558 866 745 925 continuavit
762 866 962 943 praecedenti3
985 886 1046 926 non
1064 871 1151 927 reete.

148 955 253 1030 Neque
276 954 354 1012 enim
375 954 473 1012 media
496 957 550 1012 aut
572 955 680 1013 ultima
702 955 791 1013 huius
811 955 956 1031 poematis
978 955 1042 1014 ullo
1065 956 1151 1017 modo

148 1043 263 1101 faciunt
293 1042 332 1100 ad
363 1059 410 1117 ea,
443 1042 479 1101 de
512 1042 620 1118 quibus
652 1042 683 1100 in
714 1043 812 1118 priore
844 1046 947 1121 egerat
977 1046 1081 1120 poeta3
1118 1047 1152 1103 ut
1184 1073 1185 1120 ,

149 1130 285 1190 omittam
310 1130 483 1189 indecorum
508 1148 629 1207 prorsus
657 1133 688 1189 et
716 1131 848 1206 exemplo
876 1135 1025 1191 carentem
1047 1133 1151 1192 oiroui·
1184 1131 1185 1144 ¹

147 1221 213 1277 tum
240 1236 303 1277 esse
330 1218 455 1278 odarum
481 1217 526 1276 ita
552 1218 729 1277 iunctarum.
773 1219 853 1277 Nam
874 1222 945 1278 sunt
966 1238 1071 1280 versus
1093 1241 1151 1281 non

147 1306 246 1366 minus
269 1304 366 1381 ΟΠΠ,
394 1324 463 1364 oum
490 1305 562 1364 alibi
587 1325 647 1364 non
673 1324 764 1381 supra
786 1299 906 1387 LXXXI,
932 1307 980 1366 vel
1008 1308 1034 1366 si
1061 1309 1151 1368 altius

147 1394 335 1470 introspicias
349 1393 481 1469 LXXVI,
500 1393 654 1453 continuet
666 1393 698 1451 in
711 1394 812 1468 lyricis
825 1394 977 1454 Horatius.
1014 1394 1151 1456 Ceterum

149 1482 336 1558 eonferenda,
368 1500 445 1558 quae
473 1481 600 1540 diximus
626 1481 657 1538 in
685 1481 729 1539 ed.
760 1482 828 1540 mai.
856 1482 934 1541 cirea
963 1482 1054 1542 finem
1085 1505 1150 1561 pro·

148 1571 256 1630 boemii
278 1570 333 1646 HI,
352 1572 380 1628 2.

234 1659 289 1734 ΠΙ,
305 1660 333 1734 3,
350 1660 399 1717 12.
431 1653 520 1730 eebeu
542 1657 619 1716 male
641 1675 711 1732 pars
733 1656 877 1716 librorum
900 1660 976 1718 bibit.

234 1747 290 1822 HI,
305 1747 333 1822 3,
349 1748 486 1804 21-24.
514 1745 663 1804 Videntur
685 1745 721 1802 ab
744 1745 957 1821 interpolatore
981 1747 1085 1807 additi.
1109 1782 1150 1791 —

147 1834 183 1892 V.
208 1836 257 1893 23.
285 1836 455 1894 damaetam
475 1833 587 1906 Bentl,
610 1832 646 1891 of.
670 1833 714 1891 ed.
736 1833 805 1891 mei.

235 1922 290 1997 ΠΙ,
305 1923 333 1996 3,
349 1922 399 1981 37.
431 1924 537 1981 saeviet
557 1920 664 1993 Perle.;
687 1923 799 1980 saeviet
818 1940 847 1979 v.

234 2010 289 2085 ΙΠ,
305 2011 332 2084 3,
348 2012 398 2068 40.
434 2011 504 2068 dum
529 2008 588 2067 vid.
615 2009 734 2067 illatum
762 2027 778 2067 e
805 2028 832 2068 v.
857 2011 912 2084 373
943 2029 998 2086 pro
1027 2031 1087 2087 quo
1115 2013 1150 2071 ab

147 2098 273 2156 Horatio
296 2097 440 2172 seriptum
462 2096 597 2156 existimo
620 2099 654 2155 si.

234 2185 289 2260 ΠΙ,
304 2185 332 2259 3,
347 2185 397 2241 46.
428 2186 558 2243 medieas
584 2203 637 2244 nos
667 2181 866 2263 (intellegitur
894 2187 1005 2246 fretum
1029 2187 1149 2248 Gadita-

148 2269 247 2350 num),
269 2273 381 2330 medies
403 2290 430 2330 v.

139 2405 141 2410 ,
234 2361 289 2436 ΙΠ,
303 2362 333 2435 4,
347 2361 375 2418 4.
401 2361 567 2434 eilberaque
591 2380 659 2420 oum
683 2360 849 2421 Graeviano
871 2362 982 2436 Bentl.;
1006 2365 1151 2424 citharave

147 2448 216 2507 libri
238 2449 381 2524 plerique.

235 2537 398 2612 III,4,10.
426 2537 551 2604 altriois‚·
577 2555 646 2612 pars
669 2537 813 2596 librorum
840 2540 971 2597 beluus.
1002 2571 1040 2582 —
1071 2546 1150 2600 extre

148 2626 235 2683 limae
256 2623 399 2697 Apellam
427 2628 508 2682 extra
535 2626 638 2684 ilmina
664 2626 781 2684 sedulae
803 2625 914 2701 Bentl,
943 2627 1023 2701 quod
1047 2646 1150 2687 verum

146 2715 229 2789 puto.
277 2711 319 2771 cf.
343 2712 387 2772 ed.
409 2712 477 2770 mai.

234 2800 289 2876 ΠΙ,
303 2802 333 2876 4,
347 2802 398 2859 43.
421 2800 536 2859 turbem
553 2800 740 2859 scribendum
752 2822 807 2877 pro
822 2801 938 2861 dicendi
952 2820 1011 2861 usu
1023 2803 1150 2878 Horatii,

146 2908 206 2949 non
229 2893 371 2957 turmam·
394 2891 497 2949 eontra
518 2908 594 2964 mox,
617 2907 644 2946 v.
664 2891 714 2964 47,
738 2894 857 2966 termus,
881 2910 940 2950 non
963 2891 1071 2950 turbas.

238 2976 293 3052 HI,
308 2979 337 3052 4,
352 2978 402 3035 44.
435 2978 558 3048 eadeeo,·
580 2994 694 3035 corusco
716 2977 814 3036 Bentl.

238 3064 292 3140 ΠΙ,
307 3066 336 3139 4,
351 3065 402 3122 46.
433 3066 553 3123 umbros
574 3063 685 3137 Bentl.;
707 3061 793 3124 urbes
815 3085 843 3124 v.

234 3151 289 3228 ΠΙ,
304 3154 333 3227 4,
349 3153 486 3211 69-72.
517 3151 631 3211 Seelusi
653 3171 721 3211 cum
738 3153 923 3214 Buttmanno
946 3156 977 3213 et
995 3154 1150 3214 Meinekio.

233 3239 288 3314 ΠΙ,
306 3242 332 3314 4,
349 3241 398 3298 78.
421 3241 552 3314 relique't,·
563 3243 700 3314 relinquid
711 3259 780 3316 pars
795 3242 939 3302 librorum
952 3260 1021 3301 eum
1033 3242 1152 3319 Porph,

148 3327 228 3402 quod
250 3331 280 3386 et
303 3328 401 3403 ipsum
422 3329 522 3403 potest
544 3346 607 3388 esse
629 3332 804 3404 perfeetum.

234 3415 288 3491 ΙΠ,
304 3416 332 3491 5,
348 3418 376 3473 4.
399 3415 472 3475 Post
493 3416 522 3474 h.
541 3436 568 3476 v.
588 3416 735 3493 quaedam
756 3417 896 3476 videntur
918 3417 1035 3478 hausta.

236 3503 290 3577 ΙΠ,
306 3504 334 3576 5,
350 3504 378 3561 8.
409 3506 442 3563 iu
464 3507 545 3564 arvis
566 3505 663 3564 Benl'u
