2386 4020
504 511 591 577 XVI.

88 627 168 697 Altera
185 634 243 699 iam
266 635 381 700 teritur
402 635 496 700 bellis
519 635 666 701 civilibus
689 639 789 720 aetas,

120 716 173 786 Suis
192 726 221 786 et
242 723 313 807 ipsa
333 722 438 788 Roma
458 723 581 788 viribus
603 724 677 789 ruit.

91 801 162 880 Quam
179 833 274 896 neque
294 811 426 875 finitimi
448 811 618 876 valuerunt
639 811 769 896 perdere
792 809 891 876 Marsi

119 891 225 963 Minacis
247 903 303 963 aut
323 898 463 964 Etrusca
483 898 642 964 Porsenae
664 921 792 984 manua,

91 975 188 1049 lanula
205 1008 260 1053 nec
280 987 385 1052 virtus
408 986 533 1071 Capuae
555 1008 613 1052 nec
636 985 806 1071 Spartacus
829 1009 901 1053 acer
1030 1003 1048 1052 5

119 1066 254 1160 llorisqne
275 1075 371 1140 rebus
393 1074 531 1140 infidelis
552 1073 722 1160 Allobrox,

92 1150 138 1220 llos
152 1159 207 1227 fera
226 1163 370 1228 caerulea
392 1163 516 1227 domuit
539 1162 708 1228 Germania
729 1164 814 1247 pube

120 1241 344 1336 Parentibusque
366 1251 567 1315 abominatus
589 1250 764 1316 Hannibal:

72 1323 156 1427 :lipia
171 1340 330 1422 perdemus
352 1338 460 1404 devoti
482 1339 646 1424 sanguinis
670 1343 770 1425 aetas,

72 1448 75 1519 ᾗ
120 1416 243 1512 larisque
265 1448 377 1492 rursus
400 1427 607 1511 occupabitur
628 1427 740 1494 solum.
1014 1443 1048 1491 1o

72 1499 209 1597 &florus
229 1515 292 1580 heu
315 1514 435 1580 cineres
457 1515 585 1580 insistet
606 1516 710 1581 victor
731 1520 764 1581 et
785 1516 897 1580 urbem

72 1606 74 1689 ζ
120 1591 202 1682 Eques
222 1607 355 1669 sonante
376 1603 557 1669 verberabit
578 1604 712 1688 ungula,

72 1674 201 1772 {Quaeque
220 1696 329 1757 carent
349 1691 454 1756 ventis
477 1695 509 1755 et
531 1691 653 1756 solibus
675 1713 748 1756 ossa
770 1690 908 1776 Quirini,

72 1776 76 1837 ἔ
120 1766 195 1843 Nefas
213 1780 332 1845 rideret
355 1779 523 1863 dissipabit
544 1779 693 1844 insolens.

72 1848 168 1953 {Forte
185 1868 265 1952 quod
286 1867 447 1951 expediat,
469 1867 680 1932 communiter
701 1871 757 1932 aut
778 1867 892 1932 melior
914 1890 988 1952 pars
1013 1884 1046 1931 15

72 1960 82 1981 ''
120 1941 191 2018 Malis
210 1977 313 2020 carere
336 1955 488 2039 quaeritis
510 1955 695 2020 laboribus?

72 2022 160 2100 *Nulla
176 2042 213 2107 sit
232 2043 293 2108 hac
314 2043 422 2127 potior
443 2044 614 2127 sententia,
635 2043 853 2109 Phocaeorum

72 2134 77 2213 'p
121 2115 195 2193 Velut
212 2131 357 2215 profugit
378 2135 540 2195 exsecrata
561 2131 674 2195 civitas

93 2198 165 2289 Agros
183 2221 271 2303 atque
293 2217 377 2283 lares
398 2217 533 2301 patrios,
554 2217 790 2301 habitandaque
812 2218 887 2282 fana
1043 2281 1045 2288 A

121 2293 193 2382 Apris
211 2305 342 2390 reliquit
363 2309 397 2370 at
417 2305 584 2389 rapacibus
606 2304 705 2389 lupia,
1012 2323 1047 2371 20

94 2371 135 2464 11⁸,
150 2393 230 2471 pedes
248 2414 448 2478 quocumque
464 2393 580 2477 ferent,
603 2414 802 2477 quocumque
819 2415 877 2477 per
894 2393 994 2458 undas

111 2467 201 2567 ,Notus
220 2481 349 2548 vocabit
371 2484 427 2545 aut
447 2484 616 2565 protervus
637 2479 774 2545 Africus.

95 2547 129 2620 Sic
141 2564 246 2646 placet?
269 2592 310 2634 an
328 2568 443 2634 melius
461 2569 532 2652 quis
550 2568 647 2633 habet
665 2568 817 2634 suadere?
850 2566 995 2633 Secunda

121 2642 208 2722 Retem
229 2678 382 2741 occupare
404 2657 482 2741 quid
503 2678 666 2721 moramur
687 2656 784 2720 alite?

96 2721 136 2796 stt
150 2738 274 2811 iuramus
296 2746 331 2810 in
352 2744 443 2810 haec:
465 2744 562 2809 simul
583 2745 656 2809 imis
680 2767 756 2809 saxa
777 2745 918 2809 renarint
1013 2761 1047 2810 25

122 2816 196 2897 llulis
214 2834 331 2917 lerata,
353 2855 394 2898 ne
415 2832 517 2899 redire
540 2834 584 2897 sit
605 2832 707 2917 nefas;

95 2894 142 2973 la
157 2937 294 2987 conversa
315 2921 444 2987 domum
466 2921 575 3006 pigeat
596 2922 670 2985 dare
692 2920 804 3005 lintea,
827 2920 953 3006 quando

122 2991 200 3074 Padus
219 3009 343 3075 Matina
363 3009 478 3074 laverit
500 3009 677 3092 cacumina,

96 3068 199 3161 llmare
218 3120 274 3164 seu
296 3097 399 3163 celsus
421 3097 615 3182 procurrerit
635 3096 858 3181 Appenninus,

88 3228 92 3233 -
119 3165 246 3270 levale
267 3189 411 3252 monstra
432 3185 573 3250 iunxerit
593 3185 726 3249 uerene
1015 3204 1049 3252 ³0

124 3277 164 3328 ¹³1⁸
181 3293 275 3359 amor,
297 3274 386 3339 iuvet
407 3277 444 3337 ut
466 3274 565 3358 tigres
588 3272 750 3337 subsidere
773 3273 888 3357 cervis,

123 3343 299 3428 Adulteratur
320 3365 353 3427 et
375 3361 522 3426 columba
543 3361 656 3443 miluo,

97 3418 190 3510 badula
207 3472 262 3517 nec
283 3471 377 3516 ravos
398 3451 533 3514 timeant
555 3452 698 3512 armenta
718 3447 840 3533 leones,

123 3517 250 3686 &fitque
272 3539 357 3604 salsa
377 3538 457 3603 levis
479 3537 587 3601 hircus
611 3557 754 3620 aequora

182 3657 234 3694 mv..
875 3644 891 3692 b
