2370 4028
136 249 202 314 212
510 247 768 303 nrvsrvnaavn
957 248 1084 321 [unm

596 441 685 508 XIII.

138 569 184 635 Vt
205 568 460 654 proficiscentem
484 567 577 633 docui
599 572 631 633 te
655 589 748 651 saepe
772 567 904 652 diuque,

137 657 287 743 Augusto
310 657 423 722 reddes
446 656 573 741 signata
594 655 773 740 volumina,
795 654 888 740 Vini,

139 745 175 811 Si
196 746 334 830 validuS,
358 745 386 809 si
407 744 510 809 laetus
533 744 607 829 erit,
631 743 659 807 si
682 743 818 828 denique
841 747 963 829 poscet;

137 833 189 900 Ne
212 835 318 899 studio
341 834 445 897 nostri
466 854 576 917 pecces
600 831 772 916 odiumque
794 831 915 896 libellis

106 940 121 986 5
142 921 277 987 Sedulus
301 922 443 1004 inportes
467 942 563 1004 opera
584 923 730 985 vomente
752 919 909 984 minister.

141 1009 176 1074 Si
198 1014 231 1075 te
253 1010 336 1075 forte
359 1031 448 1074 meae
471 1009 578 1094 gravis
601 1012 673 1072 uret
695 1008 820 1072 sarcina
843 1008 979 1093 chartae,

138 1096 269 1163 Abicite
292 1097 414 1182 potius,
438 1119 534 1182 quam
557 1118 620 1181 quo
643 1096 783 1180 perferre
806 1096 927 1161 iuberis

140 1185 301 1251 †(llitellas
323 1186 411 1250 ferus
433 1186 582 1270 inpingas
603 1182 787 1268 Asinaeque
808 1189 974 1268 paternum

141 1273 326 1359 cognomen
348 1277 454 1338 vertas
477 1274 511 1338 in
534 1273 634 1337 risum
657 1276 690 1336 ct
711 1271 822 1336 fabula
843 1273 912 1338 fias.

89 1380 122 1427 10
141 1361 273 1427 Viribus
296 1362 396 1426 uteris
418 1384 476 1446 per
499 1361 611 1444 clivos,
633 1360 913 1444 flumina71amas.

140 1449 255 1515 Victor
276 1450 434 1534 propositi
456 1449 554 1514 simul
576 1471 612 1514 ac
634 1449 816 1532 perveneris
840 1449 930 1534 illuc,

142 1537 195 1603 Sic
217 1539 359 1622 positum
382 1538 524 1602 servabis
547 1559 640 1622 onus,
662 1559 702 1602 ne
724 1537 808 1602 forte
831 1537 892 1602 sub
916 1537 964 1602 alc

139 1625 341 1691 Fasciculum
363 1631 472 1710 portes
493 1626 663 1709 librorum,
686 1628 723 1689 ut
744 1625 886 1690 rusticus
909 1647 1023 1712 agnum,
1075 1700 1078 1711 .

141 1713 187 1779 Vt
208 1715 321 1779 vinosa
343 1714 470 1800 glomus
493 1714 630 1778 furtivae
653 1713 808 1797 †Pyrrhia
830 1713 934 1800 lanae,

90 1819 122 1868 15
140 1801 187 1867 Vt
210 1824 282 1866 eum
305 1802 422 1886 pileolo
446 1803 548 1868 soleas
572 1801 706 1867 conviva
728 1801 866 1866 tribulis.

139 1889 213 1956 Neu
234 1890 331 1977 volgo
354 1911 477 1975 narres,
500 1895 532 1957 te
554 1890 718 1955 sudavisse
740 1890 870 1956 ferendo

142 1978 304 2064 Carmina,
328 2000 409 2131 ppae
431 1980 560 2063 possint*
579 1978 690 2042 oculos
714 2000 868 2062 auresque
891 1977 1003 2044 morari

141 2067 293 2132 Caesaris.
363 2072 452 2131 ratus
475 2067 578 2132 multa
599 2088 693 2150 prece
715 2066 818 2131 nitere
840 2088 946 2151 porro.

140 2155 245 2240 Vade,
266 2154 351 2239 vale,
374 2177 449 2220 eave
472 2178 512 2221 ne
534 2154 654 2220 titubes
678 2154 891 2240 mandataque
914 2156 1032 2239 frangas

563 2341 723 2351 ---.-

592 2468 697 2535 ΧΠΠ.

140 2594 245 2660 Vilice
269 2593 423 2659 silvarum
446 2598 478 2658 et
501 2593 581 2658 mihi
604 2615 655 2660 me
677 2593 838 2660 reddentis
861 2594 970 2682 agelli,

86 2682 88 2687 ’
142 2682 244 2761 Quem
267 2687 303 2747 tu
326 2682 466 2767 fastidis,
489 2681 669 2747 habitatum
693 2683 834 2767 quinque
856 2682 938 2748 focis
960 2687 991 2749 et

142 2771 290 2856 Quinque
313 2771 414 2835 bonos
438 2769 571 2835 solitum
593 2769 725 2835 Variam
748 2771 910 2837 dimittere
932 2776 1037 2856 patres,

142 2859 321 2943 Certemus,
344 2859 452 2942 spinas
475 2859 622 2924 animone
645 2881 704 2944 ego
727 2859 843 2924 fortius
866 2866 967 2925 antu

108 2946 271 3012 oEvellas
295 2968 387 3032 agro,
410 2950 443 3011 et
464 2946 578 3011 melior
600 2948 644 3012 sit
665 2946 820 3012 Horatius
843 2969 884 3012 an
907 2970 966 3013 res.

142 3034 195 3100 Me
219 3036 364 3119 quamvis
387 3034 516 3100 Lamiae
538 3036 642 3118 pietas
664 3039 697 3100 et
718 3057 794 3100 cura
816 3041 973 3120 moratur,

142 3122 288 3187 Fratrem
310 3123 496 3207 maerentis,
518 3127 610 3208 rapto
634 3124 672 3189 de
694 3123 793 3188 fratre
815 3123 954 3190 dolentis

143 3210 373 3296 Insolabiliter3
395 3215 503 3277 tamen
525 3211 610 3276 istuc
632 3234 722 3276 mens
746 3211 936 3297 animusque

143 3299 220 3363 Fert
243 3303 275 3364 et
297 3303 384 3364 amat
405 3300 519 3384 spatiis
542 3300 703 3365 obstantia
725 3322 873 3384 rumpere
896 3301 1033 3366 claustra.

93 3403 126 3451 ιο
144 3387 231 3451 Rure
255 3407 314 3472 ego
337 3388 510 3473 viventem,
533 3392 570 3453 tu
593 3389 672 3453 dicis
695 3389 729 3452 in
751 3389 829 3453 urbe
852 3389 993 3455 beatum:

145 3473 205 3540 Oui
227 3475 333 3560 placet
355 3475 499 3561 alterius,
523 3497 581 3542 sua
602 3477 786 3541 nimirumst
808 3477 881 3542 odio
906 3500 983 3543 sors.

146 3561 287 3648 [Stultus
309 3568 443 3648 uterque
465 3565 572 3631 locum
595 3565 780 3630 inmeritum
803 3570 952 3632 causatur
974 3563 1073 3647 inique:
