2370 4028
492 217 695 275 CARMINVM.

198 360 372 425 Detestata.
413 360 523 426 Manet
545 360 605 424 sub
628 358 704 424 love
726 360 844 444 frigido

199 447 342 514 Venator
364 453 490 513 tenerae
513 449 658 532 coniugis
682 449 851 533 inmemor,

200 535 263 602 Seu
285 538 386 601 visast
409 537 522 601 catulis
545 558 637 600 cerva
659 536 820 619 fidelibus,

201 623 264 690 Seu
286 627 374 708 rupit
395 629 510 689 teretes
532 623 659 689 Marsus
682 646 758 707 aper
779 624 898 710 plagas.

199 772 252 838 Me
276 773 440 837 doctarum
461 773 595 837 hederae
617 774 760 856 praemia
780 773 936 839 frontium

199 861 259 926 Dis
281 862 417 926 miscent
439 862 575 944 superis,
597 883 648 925 me
671 862 812 946 gelidum
834 884 949 926 nemus

200 949 486 1033 Nympharumque
508 949 593 1014 leves
617 971 690 1013 cum
714 947 837 1033 Satyris
861 949 952 1014 chori

202 1036 378 1102 Seeemunt
399 1036 532 1122 populo,
555 1038 583 1101 si
606 1059 708 1120 neque
731 1038 827 1102 tibias

199 1185 341 1269 Euterpe
364 1185 491 1249 cohibet
513 1208 571 1249 nec
593 1185 808 1269 Polyhymnia

199 1273 359 1338 Lesboum
382 1273 501 1358 refugit
522 1274 651 1338 tendere
674 1274 830 1338 barbiton.

201 1360 322 1438 Quodsi
343 1384 394 1425 me
416 1361 525 1445 lyricis
548 1362 674 1426 vatibus
697 1362 825 1446 inseris

202 1448 339 1514 Sublimi
360 1449 472 1514 feriam
495 1450 599 1514 sidera
620 1450 747 1513 vertice.

512 1697 671 1706 -—--

574 1893 616 1958 ΙΙ.

201 2020 270 2086 Iam
292 2021 371 2086 satis
393 2018 488 2083 terris
510 2016 593 2082 nivis
617 2021 711 2102 atque
735 2020 820 2084 dirae

203 2108 374 2174 Grandinis
396 2106 485 2170 misit
506 2104 602 2170 Pater
624 2110 657 2169 et
678 2107 811 2171 rubente

200 2197 342 2262 Dextera
363 2215 468 2259 sacras
491 2193 647 2258 iaculatus
670 2217 757 2259 arces

271 2283 399 2348 Terruit
421 2281 545 2365 urbem,

206 2433 335 2498 Terruit
358 2434 481 2516 gentes,
504 2449 600 2513 grave
622 2454 662 2496 ne
684 2432 803 2496 rediret

203 2521 371 2588 Saeculum
392 2517 534 2602 Pyrrhae
557 2542 640 2586 nova
661 2524 804 2584 monstra
827 2526 973 2606 questae,

203 2609 304 2676 Omne
327 2631 400 2673 oum
421 2606 557 2670 Proteus
579 2629 676 2691 pecus
699 2609 766 2692 egit
789 2608 870 2673 altos

273 2697 385 2763 Visere
407 2700 547 2776 montes,

204 2847 358 2932 [Piscium
381 2851 413 2911 et
436 2868 561 2911 summa
584 2867 683 2930 genus
705 2845 809 2909 haesit
831 2845 933 2930 ulm0,

202 2935 290 3001 Nota
312 2957 392 3019 quae
415 2935 504 2999 sedes
526 2935 632 2999 fuerat
654 2933 824 3018 columbis,

202 3024 248 3088 Et
270 3023 447 3105 superiecto
470 3023 603 3105 pavidae
625 3026 775 3085 natarunt

274 3110 421 3195 Aequore
444 3110 610 3194 dammae]

204 3261 353 3327 Vidimus
375 3259 493 3324 flauum
515 3259 656 3323 Tiberim
678 3259 807 3323 retortis

204 3350 312 3414 Litore
334 3346 472 3412 Etrusco
494 3347 649 3411 violenter
671 3346 764 3410 undis

205 3436 256 3502 Ire
279 3435 435 3500 deiectum
457 3439 662 3501 monumenta
684 3435 769 3519 regis

276 3523 470 3608 Templaque
493 3522 623 3608 Vestae,
