2370 4028
47 213 189 284 [xm]
424 214 596 269 annnam.

112 356 292 441 Inportuna
314 360 422 421 tamen
445 359 611 441 pauperies
635 358 739 441 abest,

112 445 183 511 Nec
206 445 235 509 si
256 444 350 529 plura
371 445 468 509 velim
491 450 527 509 tu
550 446 625 511 dare
648 448 793 530 deneges,

159 532 330 598 contracto
353 533 469 597 melius
492 556 591 617 parva
613 535 762 618 cupidine

203 620 384 705 Vectigalia
405 622 584 707 porrigam,
977 638 1012 685 40

114 788 218 864 Quam
241 787 269 851 si
291 786 476 871 Mygdoniis
499 809 634 873 regnum
656 787 802 872 Alyattei

114 876 243 959 Campis
267 877 458 939 continuem.
499 875 604 940 Multa
626 877 810 960 petentibus

157 964 283 1028 Desunt
305 963 420 1028 multa:
442 964 568 1048 benest,
591 965 643 1029 oui
667 966 744 1030 deus
768 963 887 1030 obtulit

202 1051 303 1115 Paroa
325 1052 413 1136 quod
434 1053 513 1117 satis
537 1056 586 1117 est
608 1073 713 1117 manu.

458 1533 562 1601 XVH.

136 1667 210 1733 Aeli
232 1671 360 1733 vetusto
383 1668 501 1733 nobilis
525 1669 565 1733 ab
587 1669 702 1752 Lamo,

138 1755 286 1842 [Quando
309 1760 342 1820 et
362 1757 485 1840 priores
507 1756 584 1821 hinc
605 1756 734 1820 Lamias
756 1756 866 1822 ferunt

180 1844 410 1910 Denominatos
434 1848 467 1910 et
487 1849 641 1929 nepotum

225 1932 287 1997 Per
308 1953 465 1997 memores
489 1953 590 2017 genus
613 1954 706 1997 omne
729 1933 844 2017 fastos3

137 2097 278 2163 Auctore
301 2098 340 2162 ab
364 2098 420 2163 illo
443 2099 533 2163 ducis
557 2099 740 2183 originem‚]
996 2116 1012 2162 5

138 2187 201 2263 Qui
222 2186 424 2251 Formiarum
447 2187 573 2252 moenia
596 2187 713 2251 dicitur

182 2274 335 2359 Princeps
359 2279 391 2338 et
412 2276 577 2340 innantem
599 2275 737 2340 Maricae

225 2363 390 2427 Litoribus
412 2364 554 2428 tenuisse
575 2363 691 2446 Lirim,

138 2531 218 2596 Late
240 2534 405 2614 tyrannus.
447 2528 524 2595 Gras
546 2529 634 2594 foliis
657 2550 771 2593 nemus

137 2618 251 2684 Multis
275 2622 308 2683 et
330 2617 402 2703 alga
423 2618 502 2683 litus
525 2618 634 2682 inutili

182 2707 330 2771 Demissa
352 2710 526 2790 tempestas
549 2707 588 2771 ab
610 2706 700 2771 Euro

228 2793 369 2877 Sternet,
392 2816 491 2878 aquae
514 2794 578 2859 nisi
598 2794 684 2859 fallit
707 2812 809 2876 augur

139 2959 273 3026 Annosa
295 2961 413 3026 cornix.
455 2960 541 3025 Dum
563 2964 669 3044 potes,
693 2958 817 3022 aridum

140 3049 292 3132 Conpone
313 3049 452 3132 lignum:
475 3071 544 3113 oras
568 3047 705 3113 Genium
727 3067 815 3110 mero

186 3134 318 3201 Ourabis
342 3140 374 3200 et
396 3158 493 3220 porco
516 3136 685 3201 bimenstri

230 3224 309 3289 Cum
331 3224 461 3289 famulis
485 3246 617 3308 operum
640 3222 763 3287 solutis.

431 3435 590 3446 .......-—-
