2370 4028
160 244 226 308 242
531 244 788 299 EPISTVLARVM

158 386 303 452 Perfidus
326 385 433 472 Ixion,
455 385 491 452 Io
514 407 608 472 vaga,
630 387 733 452 tristis
756 385 893 452 Orestes.

87 492 140 541 125
161 473 273 560 Siquid
296 476 496 559 inexpertum
519 497 650 540 scaenae
673 475 837 540 conmittis
860 480 893 541 et
916 477 1007 548 audes

159 563 332 628 Personam
354 563 492 628 formare
514 584 643 647 novam,
665 567 810 628 servetur
833 564 873 627 ad
895 564 1006 649 imum,

160 650 269 727 Qualis
293 652 332 716 ab
356 652 482 735 incepto
505 652 708 736 processerit,
731 655 764 716 et
787 651 850 716 sibi
872 656 1002 718 constet.

157 739 331 804 Difficilest
353 739 481 823 proprie
503 740 703 804 †communia
725 740 843 825 dicere;
865 744 965 824 tuque

158 828 290 893 Rectius
312 826 446 892 Iliacum
468 849 596 892 carmen
618 827 746 893 deducis
769 829 803 892 in
826 832 930 913 actus,

88 933 141 982 130
160 915 263 992 Quam
286 917 313 980 si
335 915 493 999 proferres
516 916 628 1000 ignota
649 916 832 1001 indictaque
854 917 985 1001 primus.

158 1003 293 1068 Publica
314 1004 463 1068 materies
485 1003 603 1088 privati
626 1004 705 1068 iuris
728 1005 802 1088 erit,
826 1005 855 1069 si

157 1092 233 1158 Non
256 1091 340 1157 circa
361 1091 457 1156 vilem
479 1091 688 1176 patulumque
709 1092 886 1158 moraberis
910 1093 1016 1158 orbem

157 1180 226 1246 Nee
248 1179 381 1245 verbum
403 1180 500 1245 verbo
524 1180 651 1245 curabis
672 1180 802 1246 reddere
824 1181 909 1246 fidus

158 1267 319 1352 Interpres
341 1290 400 1333 nec
423 1267 549 1334 desilies
572 1268 716 1353 imitator
737 1269 771 1333 in
794 1273 915 1355 artum,

26 1370 28 1374 ’
89 1373 140 1422 135
159 1354 252 1420 Vnde
274 1356 387 1440 pedem
409 1357 551 1440 proferre
573 1356 677 1440 pudor
698 1361 785 1421 vetet
807 1361 863 1422 aut
886 1359 990 1443 operis
1011 1359 1059 1424 len

158 1444 227 1510 Nec
250 1444 297 1508 sic
318 1445 464 1529 incipies,
486 1448 524 1509 ut
546 1444 684 1528 scriptor
706 1444 827 1528 cyclius
850 1445 942 1511 olim:

160 1532 347 1597 ‘Fortunam
368 1532 489 1597 Priami
512 1533 646 1597 cantabo
670 1536 703 1598 et
724 1532 832 1598 nobile
854 1533 996 1599 bellum'.

160 1620 244 1697 Quid
267 1621 399 1705 dignum
422 1625 512 1684 tento
535 1621 617 1685 teret
637 1620 691 1685 hic
713 1621 890 1705 promissor
911 1621 1022 1688 hiatu?

159 1708 348 1773 Parturiunt
370 1712 508 1792 montes,
530 1712 678 1774 nascetur
699 1709 853 1774 ridiculus
876 1721 958 1774 mus.

90 1813 142 1863 140
161 1795 287 1872 Quanto
310 1797 428 1861 rectius
450 1796 516 1880 hic,
539 1796 595 1880 qui
616 1796 664 1860 nil
685 1797 817 1862 molitur
839 1798 961 1882 inepte:

159 1884 221 1949 Dic
243 1884 336 1968 mihi,
358 1883 465 1966 Musa,
487 1883 605 1968 virum,
628 1888 737 1969 captae
759 1889 834 1969 post
855 1889 1001 1970 tempora
1020 1883 1102 1950 'lroiae

161 1973 223 2050 Qui
244 1994 350 2037 mores
371 1971 539 2036 hominum
562 1971 737 2038 multorum
758 1973 841 2037 vidit
862 1977 896 2038 et
918 1975 1020 2040 urbes.

158 2061 192 2127 N
193 2083 234 2126 on
255 2061 381 2124 fumum
404 2083 444 2125 ex
464 2059 604 2145 fulgore,
626 2061 682 2125 sed
704 2083 744 2125 ex
764 2061 854 2126 fumo
878 2062 954 2128 dare
975 2064 1066 2128 lucen

161 2148 303 2234 Cogitat,
325 2153 362 2212 ut
385 2148 528 2233 speciosa
550 2147 664 2212 dehinc
685 2149 839 2214 miracula
859 2156 1001 2236 promat,

90 2254 140 2303 145
159 2236 359 2321 Antiphaten
382 2236 603 2320 †Soyllamque
626 2240 658 2300 et
681 2259 753 2301 cum
776 2236 915 2322 Cyclope
938 2235 1105 2322 Charybdim

158 2326 227 2392 Nec
249 2325 388 2389 reditum
409 2324 574 2389 Diomedis
597 2324 636 2388 ab
659 2325 792 2390 interitu
814 2325 971 2412 Meleagri

158 2413 228 2478 Nec
250 2413 377 2498 gemino
400 2413 520 2477 bellum
542 2412 716 2478 Troianum
740 2413 864 2478 orditur
886 2414 926 2479 ab
951 2436 1021 2499 oro;

161 2500 292 2585 Semper
314 2501 354 2564 ad
377 2505 525 2565 eventum
547 2500 679 2565 festinat
701 2506 734 2566 et
755 2502 790 2566 in
811 2502 933 2567 medias
956 2525 1006 2568 res

158 2589 234 2655 Non
257 2611 347 2654 secus
371 2610 407 2653 ac
429 2592 522 2652 notas
546 2589 723 2653 auditorem
745 2590 843 2674 rapit,
867 2594 900 2655 et
923 2612 1004 2674 quae

90 2694 141 2743 150
159 2677 317 2761 Desperat
338 2680 475 2741 tractata
496 2677 650 2742 nitescere
672 2700 779 2762 posse,
802 2677 970 2763 relinquit,

159 2764 267 2849 Atque
290 2765 336 2830 ita
358 2765 525 2849 mentitur,
548 2765 594 2830 sio
616 2766 700 2830 veris
722 2765 804 2830 falsa
825 2767 987 2851 remiscet,

158 2852 266 2917 Primo
290 2876 330 2918 ne
352 2853 506 2937 medium,
529 2853 634 2918 medio
656 2876 696 2918 ne
720 2853 877 2938 discrepet
900 2855 1009 2920 imum.

158 2940 221 3025 Tu,
244 2942 321 3024 quid
344 2962 403 3026 ego
427 2945 458 3006 et
480 2941 618 3025 populus
641 2963 765 3006 mecum
789 2942 960 3028 desideret,
982 2941 1060 3025 audi,

160 3027 195 3093 Si
217 3028 353 3112 plosoris
377 3050 451 3114 eges
474 3029 584 3093 aulaea
605 3030 763 3094 manentis
787 3034 819 3094 et
840 3053 942 3116 usque

88 3133 140 3182 155
160 3115 298 3201 Sessuri,
322 3118 421 3183 donec
444 3121 554 3182 cantor
577 3117 645 3182 ‘vos
667 3117 821 3201 plauditc'
844 3119 937 3183 dicat.

158 3203 284 3270 Aetatis
308 3206 460 3290 cuiusque
482 3205 615 3269 notandi
638 3209 713 3269 sunt
735 3206 796 3270 tibi
818 3228 938 3291 mores,

158 3293 396 3377 Mobilibusque
419 3294 514 3358 decor
535 3294 659 3358 naturis
682 3293 804 3358 dandus
827 3299 860 3359 et
882 3296 983 3360 annis.

158 3381 302 3446 Reddere
325 3382 380 3465 qui
402 3404 495 3446 voces
518 3381 582 3444 iam
605 3381 667 3446 scit
688 3404 768 3466 puer
791 3385 822 3448 et
844 3383 924 3467 pede
948 3387 1031 3448 certo

95 3492 98 3497 ’
160 3468 274 3554 Signat
295 3468 443 3554 humum,
466 3469 564 3554 gestit
585 3469 716 3552 paribus
739 3469 909 3536 conludere
931 3474 965 3536 et
986 3471 1060 3535 irem

89 3574 140 3623 160
160 3556 292 3644 Colligit
315 3578 351 3621 ac
373 3559 465 3641 ponit
488 3561 606 3622 temere
628 3561 660 3622 et
682 3563 826 3623 mutatur
848 3559 882 3623 in
905 3559 1008 3624 horas.
