2370 4028
406 196 514 249 LIBER
530 199 552 249 1.

408 456 410 461 .
426 389 530 455 XVII.

131 514 236 581 Velox
259 534 427 578 amoenum
451 535 544 598 saepe
566 513 759 579 Lucretilem

127 604 237 686 ¹Mutat
258 603 382 685 Lycaeo
405 601 535 666 Faunus
558 605 591 667 et
613 603 740 686 igneam

174 690 327 756 Defendit
351 693 504 755 aestatem
528 690 658 774 capellis

220 778 330 863 Vsque
353 778 433 843 meis
456 779 646 863 pluviosque
669 783 791 843 ventos.

131 927 255 1012 Inpune
278 931 384 993 totum
406 949 464 1010 per
486 949 599 992 nemus
623 928 754 993 arbutos
963 943 981 993 ὅ

132 1017 297 1094 Quaerunt
318 1017 455 1080 latentes
479 1019 511 1079 et
533 1016 647 1100 thyma
670 1017 779 1081 deviae

176 1104 301 1170 Olentis
323 1125 439 1168 uxores
462 1104 584 1188 mariti,

219 1192 289 1259 Nec
311 1193 428 1257 virides
452 1195 601 1256 metuunt
624 1193 770 1258 colubras

131 1341 201 1406 Neo
222 1341 386 1406 martiales
408 1339 575 1406 Haediliae
598 1342 706 1427 lupos,

132 1430 315 1514 Vtcumque
338 1429 437 1513 dulci,
459 1429 614 1514 Tyndari,
635 1430 745 1496 fistula

177 1518 287 1583 Valles
310 1522 342 1582 et
364 1517 495 1582 Vsticae
519 1518 670 1582 cubantis-

220 1606 319 1671 Levia
340 1627 532 1690 personuere
555 1629 639 1670 saxa.

132 1755 175 1819 Di
198 1776 250 1819 me
272 1758 416 1839 tuentur,
440 1755 489 1819 dis
512 1755 615 1838 pietas
638 1778 709 1820 mea

133 1844 178 1907 Et
200 1841 295 1907 Musa
317 1843 444 1907 cordist.
484 1842 549 1907 Hic
571 1843 633 1908 tibi
656 1845 747 1928 copia

177 1931 323 1995 Manabit
345 1931 385 1995 ad
407 1931 538 2014 plenum
561 1932 700 2016 benigno

221 2019 320 2092 Ruris
342 2018 501 2083 honorum
525 2020 677 2104 opulenta
700 2041 807 2084 cornu.

134 2168 197 2234 Hic
219 2169 254 2233 in
275 2169 407 2233 reducta
429 2169 513 2234 valle
536 2167 706 2234 Caniculae

134 2256 262 2321 Vitabis
286 2261 406 2341 aestus,
430 2261 462 2321 et
483 2258 546 2321 fide
569 2257 646 2322 Teia
714 2262 752 2310 lfa
760 2230 835 2294 W

177 2345 273 2410 Dices
295 2345 478 2410 laborantes
502 2346 536 2409 in
558 2367 622 2410 uno

222 2433 403 2516 Penelopen
426 2433 624 2521 vitreamque
648 2433 830 2523 Circen;„.s

133 2582 197 2647 Hic
218 2562 397 2647 innocentis
420 2582 536 2666 pocula
557 2582 667 2647 Lesbii

134 2671 240 2735 Duces
263 2671 322 2734 sub
346 2671 472 2755 umbra,
496 2693 553 2735 nec
578 2669 752 2736 Semeleius

179 2757 259 2823 Cum
282 2758 385 2823 Marte
408 2759 580 2824 confundet
603 2759 775 2843 Thyoneus

222 2846 362 2931 Proelia,
385 2869 443 2911 nec
465 2850 588 2912 metues
610 2851 797 2931 protervum

136 2994 291 3081 Suspecta
314 2994 447 3079 Cyrum,
470 3018 510 3061 ne
532 2996 616 3060 male
639 2997 759 3080 dispari

111 3140 114 3145 .
135 3083 374 3149 incontinentes
398 3084 509 3149 iniciat
531 3107 644 3148 manus

178 3173 223 3237 Et
246 3172 370 3237 scindat
392 3172 576 3250 haerentem
600 3194 750 3237 coronam

225 3258 374 3326 Crinibus
397 3261 642 3345 inmeritamque
665 3266 796 3327 vestem.
