2370 4028
10 126 62 202 11]
432 129 591 186 11111111.
951 129 1012 193 177

10 264 187 339 1111111111
211 273 329 358 decies3
351 273 413 337 tibi
434 272 637 357 tantundem3
660 271 721 336 tibi
743 271 874 357 triplex,

10 349 100 427 lude
121 383 204 427 uxor
225 361 332 426 media
355 361 455 426 currit
477 361 516 426 de
538 364 631 425 nocte
654 361 788 425 vocata'

10 435 109 515 'ilius
130 449 253 533 Aesopi
276 449 450 515 detractam
474 471 513 512 ex
536 470 611 513 aure
633 447 794 533 Metellae,

10 522 136 603 l‘'ailicet
158 542 196 602 ut
219 536 323 602 decies
345 536 484 601 solidum
507 536 704 621 absorberet,
728 539 816 601 aceto

10 611 114 691 liluit
135 625 296 711 insignem
319 625 444 690 bacam:
467 625 523 710 qui
546 625 668 708 sanior,
691 646 728 688 ac
751 625 779 689 si

10 695 94 778 llud
113 714 198 780 idem
221 714 256 778 in
278 712 426 797 rapidum
448 713 568 777 flumen
590 713 747 778 iaceretve
770 711 932 777 eloacam?

10 796 120 867 luintj
141 801 311 887 progenies
333 800 421 885 Arri,
449 823 507 884 par
528 800 636 865 nobile
658 800 807 885 fratrum,

10 868 160 975 [equitia
181 893 215 955 et
236 889 345 975 nugis,
359 875 539 973 'pravorum
562 892 595 953 et
617 910 724 953 amore
747 888 933 974 gemellum,

10 978 174 1044 ¹llscinias
197 977 286 1042 soliti
308 978 441 1061 inpenso
463 976 618 1061 prandere
640 980 793 1061 coemtas,

10 1051 168 1132 illorsum
191 1065 328 1131 abeant?
369 1064 467 1130 Sanin
490 1068 576 1129 creta
598 1087 638 1128 an
661 1065 797 1129 carbone
819 1063 962 1128 111111111

10 1149 187 1226 Aedificare
210 1176 312 1238 casas,
334 1152 484 1237 plostello
508 1153 679 1237 adiungere
701 1174 821 1237 mures,

10 1243 131 1308 audere
154 1265 213 1327 par
235 1243 341 1326 inpar,
364 1242 506 1326 equitare
528 1242 563 1305 in
585 1241 739 1305 arundine
755 1240 859 1326 'longa

10 1312 141 1416 liquem
164 1330 300 1396 delectet
320 1330 502 1394 barbatum:
526 1329 665 1394 amentia
687 1333 800 1394 verset.

10 1401 42 1481 Si
64 1419 222 1504 puerilius
244 1417 296 1484 his
318 1418 401 1482 ratio
424 1439 492 1483 esse
515 1417 639 1482 evincet
662 1439 780 1502 amare,

10 1496 75 1574 leo
101 1507 272 1593 quicquam
295 1506 434 1590 differre,
456 1509 606 1570 utrumne
628 1505 662 1570 in
684 1505 828 1588 pulvere,
850 1505 965 1569 trimus

10 1584 110 1668 duale
133 1595 236 1679 prius,
258 1593 350 1659 ludas
374 1616 468 1679 opus,
490 1616 532 1658 an
553 1594 730 1658 meretricis
754 1613 861 1657 amore

10 1672 175 1750 Sollicitus
196 1682 316 1767 plores:
338 1703 470 1767 quaero,
492 1682 630 1746 faciasne
654 1681 740 1766 quod
762 1680 840 1745 olim

10 1764 153 1838 1111111111
175 1769 351 1836 Polemon?
373 1792 473 1854 ponas
496 1770 635 1855 insignia
657 1769 775 1854 morbi,

10 1854 184 1943 l'asciolas,
207 1858 339 1943 cubitat,
361 1857 489 1942 focalia,
511 1862 608 1942 potus
629 1861 667 1922 ut
689 1857 744 1922 ille

10 1944 138 2014 Dicitur
160 1969 199 2012 ex
222 1946 304 2011 eollo
326 1945 440 2010 furtim
463 1947 618 2030 carpsisse
641 1967 788 2028 coronas,

10 2032 217 2119 Postquamst
240 2034 384 2118 inpransi
406 2039 571 2118 correptus
593 2056 671 2098 voce
692 2033 861 2119 magistri?

10 2121 154 2208 Porrigis
176 2123 258 2186 irato
280 2144 379 2206 puero
403 2144 475 2186 cum
497 2135 606 2207 poma,
628 2127 766 2207 recusat,

10 2211 134 2295 Sume,
156 2209 294 2275 catelle':
315 2214 424 2295 negat3
447 2211 476 2274 si
497 2232 562 2275 non
585 2211 653 2295 des,
676 2215 774 2294 optet.
813 2208 950 2275 Amator

10 2298 170 2365 llxclusus
193 2299 250 2383 qui
272 2298 383 2382 distat,
406 2298 474 2383 agit
496 2299 553 2362 ubi
575 2320 697 2383 secum,
720 2303 772 2363 eat
794 2321 835 2363 an
857 2321 935 2383 non,

10 2387 81 2466 Quo
104 2386 266 2451 rediturus
289 2390 357 2451 erat
378 2408 443 2451 non
466 2387 649 2471 arcessitus,
672 2389 705 2451 et
726 2386 837 2451 haeret

10 2474 127 2542 invisis
149 2474 294 2539 foribus?
336 2473 415 2539 ‘Nec
437 2496 536 2559 nunc,
559 2496 631 2539 cum
653 2497 704 2539 me
726 2478 820 2538 vocat
841 2473 942 2558 ultro,

10 2562 189 2630 Accedam?
230 2561 283 2627 An
304 2562 413 2646 potius
435 2563 570 2627 mediter
592 2563 685 2627 finire
708 2561 854 2645 dolores?

10 2651 172 2736 Exclusit3
194 2654 334 2716 revocat:
357 2650 506 2716 redeam?
536 2650 625 2735 Non,
648 2651 676 2714 si
695 2650 859 2716 obsecret?
873 2650 1013 2716 -Ecce

10 2739 142 2824 Servus,
164 2760 229 2803 non
251 2738 347 2823 paulo
371 2739 545 2823 sapientior
568 2739 599 2803 ‘o
622 2761 687 2823 ere,
711 2760 791 2823 quae
814 2760 864 2803 res
1031 2755 1084 2804 265

10 2828 79 2894 Nec
101 2826 232 2892 modum
254 2827 352 2892 habet
373 2848 475 2911 neque
499 2826 680 2911 consilium,
707 2826 831 2890 ratione
855 2826 1013 2911 modoque

10 2916 155 2983 Ibactari
176 2936 241 2980 non
263 2914 340 2980 volt.
375 2913 414 2979 ln
436 2936 543 2979 amore
565 2915 644 2980 haec
666 2918 741 2979 sunt
760 2913 858 2998 mala,
880 2915 1015 3001 bellum,

10 3006 78 3071 Pax
100 3025 243 3068 rursum:
264 3003 343 3069 haec
365 3003 466 3088 siquis
489 3003 688 3086 tempestatis
711 3024 810 3086 prope
832 3002 898 3068 ritu

10 3092 146 3159 Mobilis
169 3095 202 3156 et
224 3113 316 3157 caeca
337 3091 497 3156 fluitantia
519 3094 605 3156 sorte
627 3090 751 3155 laboret

10 3180 155 3248 Reddere
178 3183 265 3245 certa
287 3179 361 3264 sibi,
383 3179 485 3244 nihilo
507 3178 580 3262 plus
604 3178 752 3263 explicet,
775 3200 812 3243 ac
835 3179 863 3244 si
1032 3196 1085 3246 270

10 3268 155 3337 [nsanire
177 3272 268 3352 paret
291 3272 377 3332 certa
398 3268 521 3332 ratione
543 3267 723 3351 modoque'

10 3357 109 3442 Quid,
131 3379 204 3422 cum
226 3355 352 3421 Picenis
375 3377 546 3440 excerpens
569 3354 692 3420 semina
713 3355 817 3439 pomis

10 3445 152 3530 alaudes,
174 3445 203 3510 si
226 3465 382 3510 cameram
404 3444 546 3528 percusti
568 3443 664 3528 forte,
686 3465 783 3527 penes
806 3442 885 3507 te's?

59 3560 198 3600 nomm.
822 3551 855 3600 12
