2370 4028
56 109 185 182 111111]
492 109 637 166 11111111.
1002 111 1064 175 149

58 250 241 317 Consilium
258 252 438 336 proprium:
459 275 562 338 neque
580 254 677 338 enim,
697 276 769 318 cum
785 253 922 320 lectulus
942 260 997 319 aut
1014 278 1065 320 me

56 340 211 404 Porticus
235 342 372 425 excepit,
395 341 506 405 desum
528 341 616 405 1111111.
658 342 800 407 ‘Rectius
823 342 884 408 hoc
907 347 963 408 est

56 427 134 492 Hoc
156 429 276 493 faciens
298 429 404 493 vivam
427 429 550 493 melius.
592 428 645 494 Sic
668 430 769 494 dulcis
793 431 903 496 amicis
1083 445 1133 495 135

57 514 244 580 Occurram.
283 515 354 581 Hoc
377 517 507 600 quidam
528 538 593 582 non
615 518 711 582 belle:
734 519 889 602 numquid
912 539 970 603 ego
993 518 1042 583 illi

56 603 241 688 Inprudens
264 605 341 668 olim
362 605 479 669 faciam
501 605 644 669 simile?’
683 605 771 670 Haec
794 627 853 691 ego
875 629 1000 671 mecum

58 691 251 776 Conpressis
274 693 361 776 agito
384 693 496 776 labris3
518 693 574 757 ubi
598 692 675 776 quid
697 694 790 758 datur
812 695 871 778 oti,

57 778 178 844 Inludo
201 780 329 845 chartis.
368 779 441 845 Hoc
464 785 513 845 est
534 780 747 846 mediocribus
770 783 835 846 illis

57 867 115 931 Ex
137 868 226 932 vitiis
248 890 365 953 unum;
387 869 438 933 cui
461 868 490 932 si
512 869 681 933 concedere
702 870 798 954 nolis,
1082 882 1133 932 140

57 955 168 1019 Multa
189 959 356 1039 poetarum
378 956 484 1021 veniet
505 978 631 1040 manus,
654 958 774 1021 auxilio
798 979 877 1041 quae

59 1041 114 1108 Sit
137 1043 231 1106 mibi:
254 1065 327 1106 nam
349 1043 452 1108 multo
475 1043 583 1127 plures
606 1066 729 1128 sumus,
752 1067 788 1108 ac
809 1044 909 1109 veluti
931 1047 963 1108 te

57 1129 173 1196 Iudaei
195 1151 344 1216 cogemus
367 1132 401 1195 111
423 1131 507 1196 hanc
528 1132 698 1196 concedere
719 1133 854 1197 turbam.

544 1444 584 1509 V.

58 1568 239 1654 Egressum
261 1587 378 1652 magna
399 1589 451 1633 me
474 1568 599 1650 excepit
621 1566 730 1631 Aricia
751 1566 854 1631 Roma

57 1655 213 1739 Hospitio
235 1656 375 1739 modico,
397 1654 507 1719 rhetor
530 1676 634 1719 comes
656 1654 861 1738 Heliodorus,

60 1743 257 1808 Graecorum
279 1742 376 1828 longe
399 1742 616 1828 doctissrmus3
638 1743 711 1807 inde
732 1742 851 1807 Forum
873 1742 973 1828 Appi,

57 1831 234 1896 Differtum
256 1831 364 1894 nautis
387 1831 583 1914 cauponibus
606 1832 701 1914 atque
724 1830 881 1915 malignis.

57 1918 133 1983 Hoc
155 1918 217 1983 iter
238 1919 347 2003 ignavi
370 1918 550 2002 divisimus,
573 1919 669 1983 altius
692 1940 728 1983 ac
750 1939 808 1982 nos
1116 1934 1132 1981 5

58 2006 256 2071 Praecinctis
279 2027 394 2070 unum:
416 2006 523 2070 minus
545 2010 594 2070 est
618 2006 724 2090 gravis
747 2004 854 2089 Appia
875 2006 983 2070 tardis.

58 2093 124 2159 Hic
146 2115 206 2179 ego
229 2097 361 2178 propter
383 2116 511 2179 aquam,
535 2094 620 2177 quod
643 2098 711 2158 erat
733 2094 915 2178 deterrima,
936 2094 1040 2159 ventri

59 2181 173 2247 Indico
195 2181 330 2266 bellum,
353 2186 501 2246 cenantes
523 2181 609 2245 haud
632 2182 738 2245 animo
762 2203 862 2265 aequo

58 2269 261 2353 Exspectans
284 2270 425 2334 comites.
465 2268 534 2333 Iam
556 2290 621 2333 nox
643 2269 791 2333 inducere
813 2269 908 2333 terris

59 2357 201 2422 Vmbras
223 2361 256 2423 et
278 2356 365 2422 caelo
389 2357 564 2421 diffundere
586 2357 679 2440 signa
700 2357 841 2440 parabat.
1116 2371 1149 2419 10

58 2445 144 2511 'lum
167 2445 258 2529 pueri
280 2445 400 2528 nautis,
422 2445 530 2528 pueris
554 2445 693 2509 convitia
714 2447 830 2509 nautae

57 2532 222 2618 Ingerere:
246 2532 320 2596 ‘huc
342 2531 492 2617 adpelle'3
514 2533 683 2596 ‘trecentos
705 2532 833 2616 inseris3
856 2530 930 2615 ohe,

58 2620 129 2686 Iam
152 2620 231 2685 satis
254 2621 324 2685 est'
359 2619 446 2684 Dum
470 2643 522 2685 aes
545 2621 697 2705 exigitur,
720 2620 796 2683 dum
819 2620 907 2683 mula
928 2618 1060 2705 ligatur,

56 2709 142 2774 'l'ota
164 2708 232 2773 abit
253 2709 341 2773 hora.
381 2707 460 2772 Mali
483 2707 598 2773 culices
621 2729 778 2791 ranaeque
800 2706 959 2790 palustres

56 2796 221 2862 Avertunt
242 2817 380 2861 somnos.
420 2794 594 2861 Absentem
617 2800 655 2860 ut
678 2799 785 2860 cantat
808 2795 941 2859 amicam
1096 2809 1129 2860 15

56 2884 165 2950 Multa
185 2883 333 2968 prolutus
355 2906 459 2967 vappa
481 2888 579 2947 nauta
601 2887 695 2967 atque
717 2884 822 2947 viator

58 2972 228 3057 Certatim,
250 2971 379 3036 tandem
401 2971 504 3036 fessus
527 2972 663 3035 dormire
686 2972 790 3035 viator

55 3058 190 3144 Incipit,
213 3081 249 3124 ac
270 3061 386 3125 missae
408 3062 536 3142 pastum
559 3058 732 3123 retinacula
754 3058 859 3124 mulae

53 3148 167 3215 Nauta
187 3149 279 3233 piger
301 3168 378 3213 saxo
400 3146 516 3230 religat
538 3147 706 3230 stertitque
729 3147 871 3231 supinus,

53 3236 190 3322 Iamque
212 3236 280 3301 dies
304 3236 424 3319 aderat,
446 3235 494 3298 nil
515 3257 587 3300 cum
609 3235 778 3319 procedere
799 3235 928 3299 lintrem
1092 3247 1128 3298 ao

54 3324 236 3409 Sentimus,
258 3324 358 3388 donec
380 3324 563 3387 cerebrosus
585 3323 713 3407 prosilit
734 3345 817 3387 unus

52 3412 106 3479 Ac
127 3413 234 3478 mulae
256 3415 434 3494 nautaeque
457 3415 552 3494 caput
573 3411 761 3494 lumbosque
784 3410 907 3495 saligno
