2370 4028
143 248 206 313 180
261 320 266 333 Ι
533 248 758 305 ειιιιιιιιι

139 391 316 477 Dulcior,
307 391 434 477 rnriguo
457 391 540 456 nihil
563 397 611 457 est
597 392 753 459 telutius
773 393 880 460 horto

142 479 177 545 Si
199 479 399 564 vespertinus
422 480 529 545 subito
552 485 585 545 te
608 482 803 565 oppresserit
823 481 957 569 hospeS,

140 568 190 633 Ne
213 568 333 670 gallina
354 568 492 632 †malum
514 573 680 652 responset
703 570 782 634 dura
803 569 926 656 palato,

140 656 262 722 Doctus
286 656 348 721 eris
369 656 476 720 rivam
498 661 605 722 musto
627 678 765 722 mersare
786 621 938 723 Falerno:

88 761 122 809 ιο
139 743 247 810 Hoct
232 747 374 809 teneram
396 744 500 809 faciet
540 744 827 810 Pratensibust
771 749 827 829 opt
828 746 893 810 ima
913 745 1026 833 fungis

139 832 206 898 Nat
192 836 308 917 ιιιιιιε
281 831 403 896 taliis
426 832 510 896 male
533 833 679 898 creditur
720 831 779 897 Ille
802 833 949 899 salubres

139 919 220 986 Aest
205 924 287 985 tates
310 924 454 1005 peraget
477 920 533 1005 qui
555 921 658 1006 nigris
679 921 813 1005 prandia
834 922 936 987 moris

139 1009 321 1093 Finiat,an
280 1012 353 1072 ante
376 1029 505 1093 gravem
530 1031 609 1093 quae
631 1008 747 1094 legerit
769 1009 882 1075 arbore
904 1009 1017 1076 solem.

139 1095 288 1161 Aufidius
309 1097 387 1161 forti
409 1096 564 1161 miscebat
586 1096 683 1162 mella
703 1096 852 1182 Falerno,

88 1202 121 1250 ιι
139 1184 304 1268 Mendose,
327 1185 477 1269 quoniam
500 1184 608 1249 vacuis
631 1185 818 1250 conmittere
839 1186 931 1251 venis

139 1273 197 1338 Nil
218 1273 282 1337 nisi
303 1273 374 1337 lene
398 1273 499 1337 decet:
521 1273 587 1338 leni
608 1273 792 1357 praecordia
813 1273 919 1339 mulso

139 1360 302 1426 Prolueris
324 1360 447 1425 melius.
489 1358 525 1425 Si
547 1361 626 1425 dura
646 1361 825 1426 morabitur
847 1361 954 1449 alvus,

139 1448 330 1513 Mituluset
351 1449 430 1513 viles
453 1448 573 1532 pellent
559 1448 726 1514 ttobsant
711 1449 757 1513 tia
779 1449 917 1515 conchae

139 1537 184 1600 Et
170 1536 293 1620 tlapat
278 1535 328 1600 thi
348 1537 454 1601 brevis
477 1536 590 1620 herba,
613 1536 668 1601 sed
690 1536 763 1601 albo
784 1559 850 1602 non
873 1538 943 1604 sine
967 1537 1041 1604 (loo.

88 1642 121 1690 30
139 1625 277 1689 Lubrica
298 1629 463 1690 nascentes
486 1587 610 1708 inplerit
631 1623 799 1709 conchylia
819 1624 929 1711 lunae3

141 1712 203 1777 Sed
225 1735 289 1778 non
312 1735 405 1778 omne
427 1717 547 1777 marest
569 1733 738 1798 generosae
760 1712 867 1779 fertile
889 1718 1008 1781 testaer

139 1800 261 1866 Murice
283 1800 403 1866 Baiano
426 1801 540 1865 melior
560 1801 699 1865 Lucrina
720 1800 852 1886 peloris,

140 1887 253 1954 Ostrea
276 1888 407 1973 Circeis,
429 1888 553 1953 Miseno
576 1890 724 1953 oriuntur
745 1889 864 1973 echini,

139 1976 323 2043 Pectinibus
345 1977 464 2062 patulis
487 1977 584 2041 iactat
606 1999 640 2042 se
661 1975 758 2042 molle
780 1976 966 2043 Tarentum.

87 2082 121 2132 ³5
139 2063 207 2131 Nec
229 2066 292 2130 sibi
315 2088 463 2130 cenarum
487 2065 591 2149 quivis
614 2069 732 2130 temere
756 2068 883 2150 arroget
905 2069 1022 2152 artem,

138 2153 214 2218 Non
235 2154 325 2237 prius
348 2158 459 2218 exacta
481 2153 569 2217 tenui
592 2153 715 2217 ratione
737 2174 896 2237 saporum.

138 2241 207 2306 Nee
230 2242 308 2306 satis
331 2245 393 2324 est,
416 2263 488 2305 cara
509 2241 612 2324 pisces
635 2261 778 2306 averrere
799 2262 910 2305 mensa

139 2328 305 2414 Ignarum,
328 2328 444 2413 quibus
466 2333 515 2392 est
537 2329 587 2393 ius
611 2328 717 2412 aptius
739 2332 772 2393 et
794 2329 911 2413 quibus
935 2330 1018 2395 assis

139 2416 324 2500 Languidus
345 2417 381 2479 in
404 2416 546 2481 cubitum
568 2417 633 2480 iam
655 2439 689 2481 se
712 2416 845 2481 conviva
866 2422 1010 2501 reponet

87 2522 122 2570 40
140 2502 261 2569 Vmber
284 2508 316 2569 et
339 2504 441 2589 iligna
462 2504 603 2569 nutritus
627 2504 741 2589 glande
763 2504 916 2570 rotundas

141 2591 258 2656 Ourvat
282 2614 358 2676 aper
379 2592 486 2658 lances
510 2614 636 2658 carnem
658 2593 791 2658 vitantis
814 2593 964 2659 inertem:

139 2680 224 2745 Nam
246 2680 387 2746 Laurens
409 2680 513 2745 malus
536 2683 598 2765 est,
620 2679 704 2745 ulvis
727 2684 759 2745 et
782 2681 936 2746 arundine
958 2681 1089 2769 pinguis

139 2766 243 2832 Vinea
265 2768 428 2833 submittit
450 2790 578 2852 capreas
600 2790 665 2833 non
687 2790 812 2853 semper
834 2768 952 2834 edules

139 2854 304 2920 Fecundae
326 2856 445 2940 leporis
468 2857 593 2940 sapiens
617 2857 791 2921 sectabitur
813 2879 926 2922 armos.

88 2960 121 3008 45
140 2942 287 3008 Piscibus
310 2948 406 3028 atque
429 2944 540 3008 avibus
564 2965 644 3027 quae
665 2948 780 3008 natura
801 2944 852 3009 †ct
873 2945 959 3010 foret
980 2949 1076 3031 aetas,

140 3029 226 3095 Ante
195 3034 354 3095 temeum
376 3032 458 3097 nulli
480 3031 586 3133 patuit
608 3032 752 3116 quaesita
772 3032 923 3116 palatum

142 3117 224 3183 Sunt
209 3121 383 3201 tquorum
408 3120 574 3206 ingenium
596 3141 679 3184 nova
700 3123 771 3184 tant
771 3142 826 3184 um
849 3124 937 3186 crust
922 3120 993 3185 ιιιιι
1015 3120 1129 3208 promit

140 3205 350 3309 Nequaquam
374 3212 423 3273 sat
424 3209 451 3273 is
474 3209 508 3272 in
529 3229 564 3272 re
587 3229 650 3271 una
672 3229 855 3273 consumere
879 3230 1004 3295 curam,

141 3293 235 3359 Vt
210 3294 311 3378 siquis
334 3296 437 3360 solum
460 3295 534 3380 hoc,
556 3295 641 3359 mala
661 3318 702 3360 ne
725 3297 790 3360 sint
810 3296 899 3381 ιιιιι,
919 3260 1062 3386 laboiet,

88 3398 122 3446 ιο
142 3380 235 3458 Quali
258 3382 481 3465 perfundat
449 3406 553 3468 praees
576 3405 705 3449 securus
728 3384 821 3449 olivo

141 3469 326 3534 Massica
301 3492 328 3536 si
352 3471 438 3536 eaelo
462 3493 621 3574 suppones
643 3472 718 3536 vina
740 3494 864 3557 sereno,

140 3556 319 3643 Nocturna,
342 3558 449 3643 siquid
471 3560 614 3644 crassist,
586 3561 820 3625 ttenuabitur
781 3582 932 3646 uraura,
