2386 4020
175 207 239 272 186
565 204 788 260 servaram
1104 201 1143 276 [u

173 349 224 416 Ne
246 350 334 434 prior
356 348 462 413 officio
486 348 655 433 quisquam
677 347 881 432 respondeat,
904 348 1027 432 nrgue'

120 458 155 506 25
176 437 249 503 Sive
270 435 390 522 Aquilo
412 436 497 500 radit
518 440 620 501 terras
643 458 699 502 seu
721 437 835 500 bruma
856 434 996 500 nivalem

174 525 329 590 Interiora
352 525 436 589 diem
458 546 539 610 gyro
562 523 675 610 trahit,
697 524 744 589 ire
766 526 934 588 necessest.

174 613 361 696 Postmodo,
384 612 470 696 quod
492 613 537 676 mi
560 612 657 690 obsit,
681 611 764 676 clare
788 615 973 696 certumque
994 610 1095 677 locuto

173 701 373 765 Luctandum
396 701 430 764 in
451 701 546 765 turba
568 704 601 764 et
621 699 766 764 facienda
787 699 906 763 iniuria
927 700 1035 765 tardis.

175 788 271 865 ‘Quid
292 788 372 867 †vis,
396 788 519 872 insane,
542 791 574 852 et
596 808 675 870 quas
693 809 744 852 res
763 786 870 872 agiu?
888 788 1042 872 inprobus
1058 787 1149 873 urguet

120 896 156 944 30
174 874 269 941 Iratis
291 876 451 960 precibus:
475 875 523 939 ‘tu
544 874 652 959 pulses
676 897 769 940 omne
793 875 879 960 quod
902 876 1023 961 obstat,

174 962 227 1028 Ad
248 963 463 1029 Maecenatem
484 964 619 1027 memori
641 963 670 1027 si
691 966 798 1028 mente
820 964 987 1028 recurras?

174 1050 245 1117 Hoc
267 1052 356 1116 iuvat
378 1055 411 1116 et
432 1051 565 1135 mellist,
587 1073 652 1115 non
673 1051 818 1116 mentiar.
858 1049 905 1115 At
928 1052 1025 1116 simul
1046 1055 1119 1117 atras

174 1139 348 1204 Ventumst
368 1137 544 1223 Esquilias,
567 1139 672 1203 aliena
691 1140 822 1224 negotia
843 1142 973 1203 centum

173 1226 236 1292 Per
258 1229 353 1311 caput
375 1230 408 1291 et
429 1227 513 1291 circa
534 1225 653 1291 saliunt
674 1226 767 1291 latus.
808 1225 905 1292 ‘Ante
928 1227 1092 1292 secundam

119 1335 155 1383 35
173 1314 310 1379 Roscius
334 1313 445 1379 orabat
467 1314 529 1378 sibi
552 1314 678 1379 adesses
701 1315 741 1378 ad
762 1313 877 1378 Puteal
899 1315 991 1380 cras'

175 1403 234 1467 ‘De
256 1423 291 1467 re
314 1402 476 1466 communi
498 1402 620 1467 scribae
642 1423 758 1486 magna
780 1406 876 1487 atque
898 1407 1036 1468 novate

174 1488 316 1554 Orabant
336 1488 432 1555 hodie
454 1490 666 1574 meminisses,
690 1489 820 1575 Quinte,
842 1490 981 1555 reverti?

174 1577 343 1662 ‘inprimet
363 1577 416 1642 his
439 1599 514 1642 cura
535 1576 701 1643 Maecenas
723 1579 816 1662 signa
837 1577 988 1643 tabellis?

173 1665 315 1750 Dixeris,
338 1666 494 1749 experiar:
518 1666 558 1729 ‘si
580 1665 642 1751 vis,
664 1667 782 1750 potes,'
805 1665 894 1730 addit
916 1669 950 1730 et
971 1666 1075 1732 instat

117 1771 156 1820 40
176 1752 337 1837 Septimus
361 1758 472 1818 octavo
494 1752 627 1838 propior
648 1753 712 1817 iam
734 1753 855 1838 fugerit
877 1775 994 1839 annus,

173 1841 225 1905 Ex
247 1862 311 1926 quo
333 1840 498 1906 Maecenas
520 1863 571 1906 me
595 1841 700 1925 coepit
720 1841 838 1906 habere
860 1863 994 1906 suorum

173 1928 212 1994 In
232 1951 379 2014 numero,
402 1930 568 1993 dumtaxat
590 1929 725 2014 adhoc,
749 1951 844 2014 quem
866 1929 981 1994 tollere
1003 1929 1092 1995 raeda

173 2016 280 2082 Vellet
301 2017 363 2081 iter
384 2017 504 2082 faciens
527 2021 559 2082 et
582 2017 634 2081 cui
656 2017 843 2082 concredere
864 2038 968 2102 nugas

172 2105 244 2170 Hoc
266 2125 379 2190 genus:
403 2105 503 2169 ‘Hora
525 2104 691 2189 quotasu’
729 2105 848 2170 ‘Thrax
871 2109 921 2170 est
944 2104 1068 2170 Gallina
1087 2102 1148 2186 syn

911 2192 1008 2276 par?'

117 2298 154 2347 45
173 2280 344 2344 ‘Matutine
366 2301 478 2362 pamm
502 2284 612 2345 cautos
634 2280 699 2345 iam
721 2279 843 2366 frigora
864 2281 1042 2367 mordent3'

172 2368 217 2432 Et
240 2389 320 2452 quae
343 2367 463 2431 rimosa
482 2367 563 2432 bene
587 2368 790 2452 deponuntur
811 2369 845 2432 in
868 2391 953 2434 aure.

172 2455 234 2520 Per
255 2459 360 2520 totum
383 2453 444 2520 hoc
466 2458 593 2539 tempus
616 2455 790 2521 subiectior
812 2456 847 2520 in
870 2456 955 2522 diem
978 2461 1011 2522 et
1031 2457 1129 2521 horam
1185 2500 1187 2537 ÷

172 2542 315 2608 Invidiae
336 2546 454 2607 noster.
494 2543 602 2607 Ludos
625 2547 824 2627 spectaverat
845 2566 923 2628 una,

171 2631 306 2696 Luserat
327 2631 361 2695 in
384 2652 508 2713 campo:
532 2631 703 2696 ‘Fortunae
725 2631 842 2696 filiusl'
865 2654 984 2697 omnes.

118 2735 154 2784 50
171 2719 322 2804 Frigidus
345 2741 364 2782 a
385 2719 499 2783 rostris
521 2723 630 2784 manat
651 2741 709 2803 per
731 2719 871 2803 compita
892 2741 1018 2785 rumor:

173 2806 371 2890 Quicumque
394 2806 507 2871 obvius
531 2810 593 2891 est,
617 2829 668 2871 me
691 2807 844 2871 consulit:
872 2807 903 2872 ‘o
925 2808 1023 2893 bone,
1046 2805 1155 2872 namlo

173 2892 275 2979 Scire,
297 2895 373 2959 deos
396 2894 547 2978 quoniam
569 2895 701 2978 propius
724 2895 898 2980 contingis,
921 2899 1062 2980 oportet,

171 2981 338 3066 Numquid
360 2983 398 3048 de
420 2982 517 3047 Dacis
540 2982 696 3047 audisti?
738 2982 806 3048 ‘Nil
828 2983 998 3067 equidem'
1038 2982 1084 3048 Vt
1104 2985 1135 3048 tu

173 3069 305 3154 Semper
326 3071 389 3135 eris
412 3070 554 3136 derisor?
595 3068 652 3134 ‘At
674 3093 783 3135 omnes
807 3071 840 3134 di
863 3072 1030 3156 exagitent
1050 3094 1112 3156 me,

119 3175 153 3223 ⁶5
173 3157 208 3222 Si
231 3158 421 3243 quicquam?
463 3157 579 3234 ‘Quid‘l
601 3158 760 3223 militibus
782 3159 943 3242 promissa
964 3159 1130 3245 Triquetra

171 3245 306 3310 Praedia
328 3244 443 3311 Caesar
465 3268 506 3309 an
529 3250 578 3310 est
600 3244 683 3310 Itala
704 3246 818 3312 tellure
842 3247 1015 3312 daturus?'

171 3332 332 3398 Iurantem
356 3356 407 3398 me
430 3335 511 3399 scire
533 3334 616 3399 nihil
638 3335 809 3418 mirantur,
831 3338 869 3399 ut
891 3357 993 3401 unum

173 3419 302 3486 Scilicet
323 3422 488 3506 egregium
511 3422 678 3487 mortalem
702 3422 823 3505 altique
846 3423 964 3488 silenti.

170 3508 320 3574 Perditur
340 3509 420 3575 haec
441 3510 525 3574 inter
547 3511 664 3575 misero
686 3509 744 3574 lux
765 3532 831 3575 non
853 3511 922 3576 sine
945 3513 1047 3580 rotis:
