2370 4028
148 245 215 310 220
522 243 781 300 assummum
1002 299 1008 309 ,
1043 243 1130 316 [xum

149 388 251 466 Quem
274 388 427 452 damnosa
448 409 562 472 venus,
585 409 680 474 quem
702 409 853 472 praeceps
876 386 948 452 alea
969 387 1074 474 nudat,

149 475 260 542 Gloria
282 497 376 560 quem
399 497 497 559 supra
517 476 602 540 vires
625 480 658 541 et
679 476 778 541 vestit
799 480 833 541 et
854 476 986 560 unguit,

148 564 250 642 Quem
272 568 361 629 tenet
384 564 508 648 argenti
531 565 603 628 sitis
625 565 799 648 inportuna
819 564 999 649 famesque,

148 652 250 730 Quem
272 652 470 737 paupertatis
492 652 596 737 pudor
618 657 651 717 et
672 652 763 737 fuga,
786 652 874 717 dives
898 653 1032 737 amicus,

94 758 128 807 25
148 739 249 826 Saepe
273 741 381 805 decem
403 740 492 804 vitiis
515 740 714 824 instructior,
738 741 806 805 odit
828 740 1007 826 obhorret,

146 828 228 914 Aut,
251 829 279 894 si
301 850 366 893 non
390 828 470 912 odit,
492 829 577 913 regit
599 850 636 893 sc
658 828 759 893 veluti
781 829 836 913 pia
858 833 963 894 mater

145 916 224 982 Plus
248 938 343 1001 quam
367 938 401 981 se
424 938 533 1001 sapere
557 920 590 981 et
611 917 787 982 virtutibus
811 939 881 982 esse
903 918 1040 1002 priorem

145 1004 226 1070 Volt
248 1009 280 1070 et
303 1005 349 1069 ait
371 1026 470 1089 prope
492 1026 580 1069 vera:
603 1005 702 1069 ‘meas
726 1002 932 1092 (contendere
956 1004 1035 1093 noli)

147 1091 326 1159 stultitiam
347 1092 515 1178 patiuntur
538 1115 627 1178 opes,
650 1093 711 1158 tibi
733 1093 865 1177 parvola
887 1116 939 1159 res
963 1098 1022 1159 est:

92 1199 126 1248 30
144 1180 228 1246 Arta
250 1182 340 1246 decet
362 1203 475 1246 sanum
498 1181 648 1246 comitem
671 1186 760 1266 toga,
783 1181 892 1247 desine
915 1203 1038 1247 mecum
1088 1224 1095 1229 -

146 1268 295 1334 Oertare?
334 1269 541 1354 Eutrapelus,
564 1270 753 1353 cuicumque
775 1291 889 1334 nocere
912 1270 1048 1355 volebat,

144 1356 345 1423 Vestimenta
367 1357 463 1422 dabat
485 1359 638 1442 pretiosa:
660 1357 773 1422 beatus
797 1359 882 1423 enim
906 1359 970 1423 iam

145 1444 226 1510 Oum
247 1445 391 1530 pulchris
413 1446 531 1510 tunicis
554 1449 659 1511 sumet
680 1468 764 1511 nova
787 1446 923 1511 consilia
944 1451 978 1511 et
999 1468 1073 1531 spes,

143 1533 291 1599 Dormiet
312 1535 346 1598 in
368 1534 486 1618 lucem,
509 1537 615 1600 scorto
637 1538 810 1619 postponet
831 1534 1004 1600 honestum

91 1640 125 1688 35
145 1620 308 1706 Officium,
330 1644 479 1687 nummos
502 1622 622 1687 alienos
644 1626 766 1707 pascet,
789 1623 830 1687 ad
852 1623 954 1687 imum

144 1709 252 1774 Thrax
275 1711 337 1776 erit
359 1714 415 1775 aut
437 1711 562 1775 olitoris
585 1714 659 1796 aget
680 1711 823 1776 mercede
847 1711 1012 1775 caballum.

143 1797 306 1863 Arcanum
328 1820 431 1882 neque
453 1803 490 1863 tu
513 1799 706 1863 scrutaberis
728 1798 816 1864 illius
839 1821 1005 1885 umquam,

145 1885 410 1970 Oonmissumque
432 1890 522 1971 teges
545 1892 578 1952 et
599 1887 674 1952 rino
697 1891 802 1952 tortus
825 1891 858 1951 et
880 1888 937 1952 ira.
989 1906 994 1917 ’

142 1974 176 2040 N
177 1997 212 2040 eo
234 1979 291 2040 tua
312 1974 459 2039 laudabis
481 1975 588 2039 studia
611 1979 667 2040 aut
689 1975 793 2040 aliena
814 1977 999 2061 reprendes,

90 2080 124 2128 40
143 2062 225 2147 Nec,
248 2085 321 2128 cum
343 2063 453 2128 venari
474 2063 562 2128 volet
583 2062 651 2147 ille,
673 2068 822 2147 poemata
844 2085 974 2149 panges.

144 2149 256 2216 Gratia
278 2153 325 2216 sic
346 2152 483 2216 fratrum
505 2152 718 2235 geminorum,
740 2149 935 2236 Amphionis
958 2157 1044 2237 atque

142 2239 250 2323 Zethi,
273 2239 427 2323 dissiluit,
450 2239 549 2303 donec
572 2244 721 2324 suspects
742 2261 852 2305 severo

144 2325 307 2391 Conticuit
327 2326 406 2409 lyra.
446 2326 609 2392 Fraternis
631 2329 763 2392 cessisse
786 2332 920 2412 putatur

142 2413 288 2478 Moribus
310 2411 488 2498 Amphion:
510 2420 546 2480 tu
569 2416 644 2480 cede
666 2416 807 2500 potentis
830 2417 925 2481 amici

89 2519 123 2567 45
141 2501 283 2568 Lenibus
305 2503 462 2587 imperiis,
485 2504 696 2588 quotiensque
718 2505 831 2569 educet
853 2505 888 2569 in
912 2525 1004 2589 agros

141 2589 265 2655 Aeoliis
288 2595 419 2656 onerata
440 2591 545 2676 plagis
568 2592 711 2657 iumenta
732 2614 903 2677 canesque,

143 2676 246 2764 Surge
269 2684 301 2745 et
322 2679 513 2744 inhumanas
536 2680 660 2745 senium
683 2680 804 2765 depone
828 2679 997 2766 Camenae,

143 2765 243 2832 (lenes
265 2772 303 2833 ut
324 2768 445 2853 pariter
467 2767 633 2852 pulmenta
653 2769 818 2834 laboribus
841 2773 962 2853 empta:

140 2854 295 2920 Romanis
318 2855 472 2921 sollemne
493 2857 572 2920 viris
595 2878 689 2940 opus,
711 2857 791 2922 utile
813 2857 917 2922 famae

88 2959 122 3007 5ο
141 2942 299 3027 Vitaeque
322 2947 355 3009 et
376 2944 542 3028 membriS,
564 2945 751 3028 praesertim
775 2967 848 3010 cum
870 2945 977 3010 valeas
999 2947 1028 3010 et
1117 3018 1120 3029 Ι

140 3030 203 3096 Vel
225 3053 320 3097 cursu
342 3054 492 3116 superare
515 3054 626 3096 canem
648 3033 700 3098 vel
721 3034 844 3098 viribus
868 3056 981 3118 aprum

139 3118 260 3184 Possis.
298 3119 404 3204 Adde,
427 3119 533 3185 virilia
556 3121 642 3205 quod
665 3122 839 3205 speciosius
863 3144 953 3186 arma
1063 3139 1065 3144 ·

139 3206 215 3273 Non
238 3213 288 3274 est
310 3208 366 3293 qui
388 3212 516 3273 tractet:
540 3209 616 3293 scis,
640 3231 702 3293 quo
728 3209 865 3274 clamore
888 3231 1019 3276 coronae

138 3293 267 3360 Proelia
289 3297 447 3361 sustineas
470 3297 672 3383 campestria,
696 3297 832 3382 denique
855 3320 983 3364 saevam

86 3399 120 3448 55
138 3382 291 3448 Militiam
313 3406 393 3468 puer
416 3389 448 3450 et
471 3383 660 3450 Cantabrica
681 3386 767 3450 bella
788 3386 895 3451 tulisti

140 3469 207 3536 Sub
232 3472 324 3556 duce,
348 3472 403 3555 qui
425 3473 554 3556 templis
576 3472 770 3539 Parthorum
794 3474 886 3558 signa
908 3475 1014 3561 refigit

138 3558 235 3625 Nunc
258 3564 304 3645 et,
327 3560 434 3644 siquid
457 3561 560 3645 abest,
582 3560 673 3626 Italis
697 3562 857 3627 adiudicat
880 3564 986 3628 armis.
