2370 4028
139 224 203 288 218
511 221 769 276 norsavorum
1035 222 1098 294 [ru

139 366 188 433 ‘Si
209 367 380 452 pranderet
402 366 474 431 olus
496 365 668 450 patienter,
690 365 821 451 regibus
844 367 894 430 uti
930 381 933 386 ·

138 455 251 522 Nollet
271 453 480 539 Aristippus?
521 452 569 518 ‘Si
592 454 688 518 sciret
709 453 840 539 regibus
864 455 928 538 uti,

88 562 121 610 15
139 543 312 609 Fastidiret
335 543 419 627 olus,
442 543 498 627 qui
520 564 571 607 me
593 542 705 606 notat?
746 541 861 607 Vtrius
883 542 997 607 horum
1127 538 1129 547 '

139 632 248 698 Verba
269 631 385 716 probes
409 635 441 695 et
463 631 549 695 facta
570 630 661 714 doce,
682 629 735 694 vel
757 631 865 695 iunior
887 631 975 715 audi,

141 720 205 785 Gur
228 720 272 784 sit
293 718 454 803 Aristippi
476 721 584 803 potior
606 719 772 783 sententia.
811 717 962 804 Namque

140 808 322 873 Mordaccm
346 805 500 891 Cynicum
524 807 570 871 sic
593 806 753 891 eludebat,
775 810 814 871 ut
836 807 940 889 aiunt:

141 895 288 961 ‘Sourror
310 916 370 980 ego
393 896 462 979 ipse
485 895 578 977 mihi,
600 894 720 978 populo
743 898 793 959 tu:
816 896 936 960 rectius
958 894 1013 960 hoc
1031 897 1056 958 et

86 1003 121 1052 20
142 983 347 1070 Splendidius
368 982 512 1048 multost.
552 982 665 1066 Equus
688 987 726 1047 ut
747 1005 799 1047 me
821 988 943 1068 portet,
966 983 1022 1048 alat
1039 1001 1087 1061 rex,

141 1071 292 1137 Officium
314 1072 410 1156 facio,
433 1075 470 1135 tu
492 1070 598 1155 poscis
620 1071 698 1136 vilia
718 1093 840 1156 rerum,

139 1161 246 1225 Dante
268 1161 387 1243 minor,
411 1159 556 1244 quamvis
579 1158 651 1224 fers'
667 1164 699 1224 te
722 1159 842 1224 nullius
866 1160 1025 1244 egentem?

141 1247 254 1313 Omnis
276 1247 480 1331 Aristippum
503 1247 610 1312 decuit
632 1248 721 1312 color
743 1251 776 1312 et
798 1251 903 1312 status
926 1253 960 1314 ct
980 1270 1034 1332 res,

141 1337 365 1421 Temptantem
387 1336 509 1400 maiora
530 1336 610 1419 fere,
632 1335 854 1419 praesentibus
877 1358 1017 1420 aequum.

86 1443 122 1491 25
142 1424 274 1509 Contra,
298 1447 393 1509 quem
416 1423 536 1507 duplici
558 1444 664 1507 panno
686 1424 843 1507 patientia
865 1424 965 1509 velat,

140 1513 297 1597 Mirator,
318 1513 404 1577 vitae
426 1511 479 1576 via
502 1512 530 1576 si
553 1533 705 1577 conversa
728 1512 859 1576 decebit.

140 1600 234 1665 Alter
255 1622 452 1685 purpureum
474 1622 538 1664 non
562 1600 759 1684 exspectabit
782 1600 949 1684 amictum,

142 1687 306 1765 Quidlibet
328 1689 459 1753 indutus
483 1688 687 1753 celeberrima
708 1710 767 1772 per
788 1688 859 1754 loca
881 1689 988 1772 vadet,

141 1776 377 1861 Personamque
400 1776 482 1841 feret
504 1798 569 1841 non
591 1776 800 1841 inconcinnus
822 1781 1002 1861 utramque;

86 1881 123 1930 30
141 1864 234 1930 Alter
255 1863 361 1929 Mileti
383 1867 505 1929 textam
529 1886 605 1929 cane
627 1865 719 1948 peius
743 1868 776 1929 et
798 1885 902 1950 angue

141 1952 267 2017 Vitabit
290 1952 504 2037 chlamydem,
527 1952 682 2017 morietur
703 1952 837 2037 frigore,
860 1953 978 2018 sinon

139 2040 316 2106 Rettuleris
339 2063 489 2125 pannum.
529 2040 627 2105 Refer
649 2044 682 2104 et
703 2041 772 2104 sine
794 2041 884 2105 vivat
906 2041 1039 2126 ineptus!

140 2128 205 2193 Res
228 2149 338 2213 gerere
360 2133 394 2193 et
416 2132 526 2212 captos
549 2128 715 2193 ostendere
738 2129 861 2194 civibus
883 2128 993 2195 hostes

140 2214 286 2301 Attingit
308 2215 424 2280 solium
446 2216 533 2281 Iovis
556 2220 589 2281 et
612 2215 760 2281 caelestia
781 2220 933 2301 temptat:

86 2320 122 2368 35
141 2303 345 2386 Principibus
368 2303 526 2386 placuisse
548 2305 626 2368 viris
648 2326 714 2369 non
736 2305 852 2369 ultima
872 2304 945 2370 laus
968 2309 1022 2370 est.

140 2389 216 2455 Non
240 2391 340 2454 cuivis
363 2390 487 2456 homini
509 2393 669 2478 contingit
691 2392 777 2457 adire
801 2392 1000 2459 Corinthum

143 2475 233 2542 Sedit
255 2478 311 2562 qui
334 2479 456 2564 timuit,
479 2502 518 2545 ne
541 2502 606 2545 non
629 2480 823 2546 succederet:
847 2485 926 2547 esto.

142 2564 246 2640 Quid?
271 2567 327 2651 qui
348 2568 494 2651 pervenit
515 2569 632 2633 fecitne
654 2567 813 2633 viriliter?
853 2567 959 2654 Atqui

140 2650 204 2719 Hic
218 2658 267 2718 est
281 2658 336 2719 aut
349 2678 520 2740 nusquam,
540 2656 625 2740 quod
639 2657 829 2741 quaerimus.
852 2655 917 2723 Hic
931 2679 1011 2723 onus
1022 2642 1129 2722 horre*

86 2738 188 2805 4th
210 2743 317 2825 parvis
341 2743 455 2808 animis
479 2747 511 2808 et
533 2766 632 2827 parvo
655 2766 787 2828 corpore
809 2745 929 2830 maius,

49 2906 51 2911 Ι
141 2826 204 2892 Hic
227 2829 316 2893 subit
338 2834 371 2895 et
392 2831 520 2914 perfert.
561 2831 629 2896 Aut
650 2833 755 2898 virtus
777 2854 895 2897 nomen
917 2834 1053 2918 inanest,

140 2913 209 2979 Aut
232 2915 326 2981 decus
349 2923 382 2982 et
403 2920 542 3003 pretium
565 2924 649 2985 recte
672 2921 754 3005 petit
777 2921 945 3005 experiens
967 2922 1026 2987 vir.

142 3001 255 3067 Coram
278 3026 352 3090 rege
375 3028 434 3071 sua
456 3006 494 3071 de
516 3012 703 3090 paupertate
726 3013 868 3074 tacentes

141 3090 219 3155 Plus
241 3097 391 3174 poscente
413 3095 530 3159 ferent:
554 3095 664 3179 distat,
688 3119 836 3163 sumasne
858 3097 1017 3182 pudenter

88 3197 122 3244 45
141 3177 194 3242 An
217 3177 330 3262 rapias.
370 3180 473 3267 Atqui
496 3205 603 3247 rerum
626 3189 722 3268 caput
743 3184 805 3249 hoc
827 3190 910 3270 crat,
932 3186 988 3253 hic
1009 3187 1081 3252 fons

142 3264 304 3330 ‘Indotata
325 3268 406 3333 mihi
429 3292 519 3335 soror
542 3276 604 3356 est,
626 3273 820 3356 paupercula
841 3279 959 3359 mater,

140 3354 186 3419 Et
208 3353 327 3417 fundus
349 3378 407 3421 nec
428 3358 599 3424 vendibilis
622 3382 680 3424 neo
702 3384 832 3444 pascere
854 3363 981 3428 firmus'

142 3441 204 3519 Qui
228 3440 318 3524 droit,
341 3443 456 3508 clamat
479 3446 609 3511 ‘victum
633 3448 725 3513 date!
767 3448 913 3515 Succinit
936 3451 1018 3517 alter

142 3530 197 3594 ‘Et
221 3527 322 3592 mihi?
362 3529 500 3598 Dividuo
523 3535 664 3600 findetur
686 3559 816 3603 munere
840 3539 970 3623 quadra
