2370 4028
87 225 149 290 128
510 221 659 279 rronou
930 222 1025 299 [11111

151 367 226 434 Non
249 367 342 431 aliter
364 366 472 432 Samio
496 366 607 431 dicunt
629 368 747 432 arsisse
769 367 928 454 Bathyllo

87 474 120 522 10
195 455 396 520 Anacreonta
418 455 544 538 Teium,

153 545 215 621 Qui
237 566 388 628 persaepe
412 565 488 607 cara
510 543 669 607 testudine
692 543 784 609 flevit
809 567 950 612 amorem

195 632 271 699 Non
294 633 491 697 elaboratum
514 632 555 695 ad
576 631 697 715 pedem.

152 721 262 787 Vreris
285 721 354 804 ipse
376 721 485 784 miser:
510 719 623 804 quodsi
646 740 712 784 non
735 720 906 804 pulchrior
927 722 995 809 iguis

195 808 352 874 Accendit
374 809 536 873 obsessam
559 805 656 891 Ilion,

88 914 121 963 15
154 897 263 962 Gaude
286 901 372 961 sorte
394 901 462 981 tua3
485 919 536 961 me
559 895 722 980 libertina,
745 919 805 962 nec
829 920 894 964 uno

198 984 367 1068 Contenta,
389 984 518 1068 Phryne
541 989 688 1049 macerat.

555 1282 624 1348 XV.

153 1407 228 1474 Nox
251 1411 319 1471 erat
342 1411 374 1471 et
396 1405 482 1471 caelo
505 1407 650 1491 fulgebat
671 1405 764 1470 Luna
786 1429 899 1474 sereno

197 1495 286 1561 Inter
308 1496 433 1559 minora
455 1495 571 1578 sidera,

156 1585 236 1648 Cum
257 1589 307 1668 tu,
330 1603 519 1667 magnorum
542 1604 659 1647 numen
681 1581 809 1647 laesura
831 1583 968 1667 deorum,

198 1671 236 1736 In
258 1672 355 1736 verba
376 1671 504 1735 iurabas
525 1691 610 1754 mea,

107 1779 122 1826 5
155 1760 267 1824 Artius
291 1763 386 1843 atque
407 1758 525 1823 hedera
546 1781 677 1843 procera
700 1759 915 1846 adstringitur
934 1759 987 1824 ilex

198 1848 309 1913 Lentis
333 1846 505 1911 adhaerens
527 1846 699 1933 bracchiis

156 1937 259 2001 †Dum
281 1935 389 2020 pecori
410 1934 506 2018 lupus
529 1939 562 1998 et
583 1936 690 2000 nautis
713 1936 852 2002 infestus
876 1935 978 2019 Orion,

199 2025 356 2090 Turbaret
377 2023 547 2088 hibernum
569 2045 669 2107 mare,

155 2113 367 2196 Intonsosque
391 2113 526 2196 agitaret
548 2109 710 2194 Apollinis
734 2134 811 2177 aura
834 2113 974 2198 capillos,

91 2219 124 2268 10
199 2201 281 2266 Fore
303 2199 389 2264 hunc
411 2221 550 2264 amorem
573 2203 730 2265 mutuum.

156 2288 182 2353 0
207 2287 346 2353 dolitura
367 2311 438 2352 mea
459 2288 598 2352 multum
619 2289 739 2353 virtute
761 2287 902 2355 Neaera!

198 2376 284 2443 Nam
306 2376 413 2460 siquid
435 2377 469 2440 in
491 2375 605 2440 Flacco
628 2376 733 2461 viriet,

155 2464 230 2531 Non
253 2466 334 2530 feret
357 2465 504 2531 adsiduas
527 2465 646 2548 potiori
668 2469 701 2528 te
724 2464 799 2529 dare
822 2470 948 2550 noctes,

197 2553 244 2618 Et
267 2557 397 2637 quaeret
419 2554 520 2617 iratus
542 2574 664 2636 parem3

91 2659 124 2706 15
155 2641 224 2708 Nec
247 2640 345 2706 semel
368 2640 480 2705 offensi
503 2641 593 2706 cedet
616 2640 797 2705 constantia
819 2641 958 2727 formae,

200 2729 235 2795 Si
259 2734 363 2795 certus
386 2728 514 2793 intrarit
537 2729 635 2793 dolor.

155 2818 200 2883 Et
222 2823 272 2903 tu,
296 2817 512 2901 quicumque's
534 2816 660 2882 felicior
683 2820 778 2900 atque
801 2839 875 2882 meo
900 2841 986 2886 nuno

201 2905 363 2992 Superbus
386 2905 505 2971 incedis
528 2905 626 2985 malo,

157 2994 207 3060 sis
230 3016 342 3080 pecore
366 2999 398 3059 et
420 2993 523 3058 multa
545 2993 633 3058 dives
656 2991 771 3057 tellure
792 2992 909 3061 licebit

90 3100 123 3148 20
199 3083 335 3167 Tibique
358 3081 507 3148 Pactolus
530 3083 623 3165 fluat,

154 3170 223 3237 Nec
245 3175 277 3234 te
299 3170 501 3256 Pythagorae
523 3170 637 3235 fallant
660 3190 774 3247 arcana
796 3173 925 3258 renati,

198 3258 376 3344 Formaque
398 3261 506 3325 vincas
529 3258 641 3342 Nirea,

154 3347 261 3431 Eheu,
284 3348 455 3413 translatos
480 3348 542 3413 alio
565 3346 722 3412 maerebis
745 3367 883 3413 amores.

197 3436 261 3500 Ast
284 3456 342 3521 ego
366 3436 508 3501 vicissim
530 3436 639 3501 risere.

513 3579 671 3588 ————
