2370 4028
1 317 3 323 Ι
138 230 203 294 roc
515 227 772 283 arrsrvnmru
845 171 847 174 ’
1048 225 1086 302 pr

138 371 214 437 Otia
236 373 358 436 divitiis
381 370 525 436 Arabum
546 372 711 436 liberrima
732 376 832 436 muto.

140 459 240 544 Saepe
263 460 477 525 verecundum
499 459 651 544 laudasti,
673 481 794 543 rexque
816 463 971 544 paterque

140 547 285 634 [Audisti
308 570 428 632 coram,
451 570 509 613 nec
530 548 628 613 verbo
651 548 779 632 parcius
802 547 947 633 absens]:

1 656 2 659 ’
139 635 279 720 Inspice,
302 637 331 700 si
353 658 485 720 possum
508 636 625 700 donata
646 657 800 720 reponere
822 636 938 702 laetus.

86 742 121 791 40
139 724 235 790 Haud
257 724 341 788 male
363 723 586 808 Telemachus,
607 723 714 808 proles
736 724 891 808 patientis
913 723 1010 789 Vlixi:

140 812 227 878 ‘Non
250 817 300 878 est
322 816 417 896 aptus
440 812 531 897 equis
553 810 662 877 Ithace
684 812 788 896 locus,
809 816 849 877 ut
870 834 974 897 neque
993 808 1069 896 planis

139 900 311 966 Porrectus
334 900 448 984 spatiis
470 922 530 966 nec
550 900 670 964 multae
692 901 849 986 prodigus
870 900 998 986 herbae,

140 988 267 1073 Atride,
289 989 393 1074 magis
416 993 491 1072 apta
513 988 574 1052 tibi
596 992 653 1053 tua
675 987 758 1054 dona
779 988 981 1073 relinquam?

140 1076 280 1142 Parvum
302 1099 401 1161 parua
425 1078 549 1142 decent:
571 1075 653 1140 mihi
675 1077 739 1141 iam
761 1097 826 1142 non
849 1077 942 1162 regia
962 1075 1056 1156 Roma,

87 1182 121 1231 45
141 1164 204 1230 Sed
226 1186 362 1230 vacuum
385 1164 487 1230 Tibur
507 1164 614 1248 placet
635 1168 691 1229 aut
713 1163 831 1230 inbelle
853 1164 1029 1230 Tarentum

141 1251 297 1318 Strenuus
321 1257 353 1318 et
375 1253 470 1318 fortis
492 1253 660 1337 causisque
681 1251 854 1337 Philippus
876 1253 1005 1338 agendis

141 1340 267 1425 Clarus,
290 1341 330 1405 ab
354 1341 470 1407 officiis
492 1345 637 1406 octavam
660 1340 788 1406 circiter
808 1340 925 1406 horam

139 1429 226 1495 Dum
249 1429 332 1494 redit
355 1434 450 1514 atque
472 1429 542 1494 foro
565 1429 701 1493 nimium
724 1429 844 1493 distare
866 1428 997 1494 Carinas
1071 1425 1074 1429 ’

139 1516 209 1582 Iam
232 1518 362 1602 grandis
385 1521 441 1582 nat
441 1539 463 1581 u
486 1517 644 1602 queritur,
666 1517 846 1601 conspexit,
868 1521 908 1582 ut
930 1518 1028 1600 aiunt,

88 1622 122 1670 50
140 1605 300 1671 Adrasum
324 1606 482 1690 quendam
504 1627 604 1671 vacua
626 1605 798 1669 tonsoris
788 1628 823 1669 rn
846 1605 962 1670 umbra

141 1692 216 1758 Cult
217 1693 279 1759 ello
301 1695 450 1811 proprios
472 1697 664 1778 purgantem
686 1693 801 1758 leniter
822 1715 958 1778 ungues.

141 1782 322 1866 Demetri,
344 1779 439 1901 (puer
461 1781 514 1847 hic
536 1803 601 1846 non
623 1781 744 1846 laeve
734 1803 822 1846 mssa
844 1781 986 1846 Phili
933 1804 989 1866 pp1

140 1867 342 1958 Accipiebat)
365 1870 430 1934 abi
434 1891 582 1954 ,quaere
604 1873 638 1935 et
659 1869 755 1954 refer,
777 1869 862 1935 unde
885 1869 994 1954 domo,
1014 1866 1078 1953 quis,

141 1957 240 2024 Cuius
261 1959 423 2042 fortunae,
446 1979 509 2042 quo
533 1958 577 2023 sit
597 1962 689 2042 patre
712 1979 815 2042 quove
836 1957 994 2042 patrono?

88 2063 121 2112 55
139 2046 184 2132 It,
206 2048 290 2112 redit
311 2050 344 2112 et
366 2050 488 2130 narrat,
510 2044 675 2111 Volteium
697 2046 826 2110 nomine
848 2045 990 2130 Menam,

139 2134 346 2219 Praeconem,
369 2135 458 2200 tenui
481 2155 592 2218 censu,
615 2134 684 2199 sine
707 2134 852 2219 crimine,
874 2138 989 2200 notum

139 2223 184 2288 Et
206 2244 377 2307 properare
399 2223 470 2288 loco
494 2226 527 2287 et
549 2244 672 2288 cessare
694 2226 727 2287 et
750 2243 900 2306 quaerere
924 2227 958 2288 et
979 2220 1036 2306 uti,

141 2309 340 2376 Gaudentem
361 2311 532 2395 parvisque
556 2309 718 2375 sodalibus
741 2314 774 2376 et
793 2310 862 2376 lare
885 2315 977 2377 curto

139 2398 185 2463 Et
205 2398 292 2463 ludis
314 2401 349 2463 et
369 2402 444 2482 post
466 2399 572 2464 decisa
593 2399 724 2483 negotia
746 2397 874 2482 Campo.

87 2503 121 2551 60
141 2485 269 2551 ‘Scitari
290 2486 372 2552 libet
394 2508 434 2551 ex
456 2487 526 2571 ipso
550 2487 772 2571 quodcumque
794 2486 908 2552 refers:
932 2486 997 2573 dic,

139 2573 192 2638 Ad
214 2596 324 2640 cenam
346 2575 474 2640 veniat?
514 2573 589 2641 Non
612 2597 688 2640 sane
711 2575 837 2640 credere
859 2573 969 2660 Mena,

139 2662 251 2727 Mirari
273 2685 382 2729 secum
404 2663 529 2728 tacitus.
571 2661 655 2740 Quid
676 2663 800 2728 multa?
841 2662 1009 2748 ‘Benigne'

138 2751 333 2835 Respondet.
370 2749 487 2836 ‘Neget
509 2751 564 2816 ille
586 2751 701 2815 mihir'
741 2750 858 2836 ‘Negat
880 2751 1033 2836 inprobus
1051 2748 1076 2812 et
1090 2741 1119 2801 fi*

138 2838 292 2925 Neglegit
314 2842 371 2903 aut
392 2838 523 2904 horret?
563 2838 728 2904 Volteium
749 2861 843 2904 mane
865 2838 1034 2924 Philippus

88 2943 120 2992 65
140 2926 227 2992 Vilia
248 2928 439 2993 vendentem
461 2927 605 2992 tunicato
628 2932 736 2992 scruta
757 2927 885 3012 popello

140 3012 283 3100 Occupat
305 3020 338 3080 et
360 3015 482 3080 salvere
504 3015 594 3080 iubet
615 3015 717 3100 prior,
739 3015 794 3081 ille
816 3014 969 3101 Philippo

139 3103 301 3169 Excusare
323 3104 465 3169 laborem
489 3107 522 3168 et
543 3104 760 3169 mercennaria
781 3103 899 3188 vincla,

140 3190 233 3269 Quod
255 3213 321 3256 non
342 3215 435 3257 mane
457 3193 589 3257 domum
610 3193 762 3277 venisset,
786 3154 923 3276 deniqde
945 3191 1030 3278 quod
1047 3202 1106 3252 rou

139 3279 337 3346 Providisset
322 3285 440 3347 t.eum
483 3279 580 3345 Sic
571 3281 732 3366 ignovisse
754 3284 868 3364 putato

89 3385 122 3432 ιο
140 3367 194 3433 Me
217 3367 292 3451 tibi,
314 3369 343 3433 si
365 3391 458 3434 cenas
480 3367 576 3434 hodie
598 3368 744 3433 mecum?
785 3366 843 3433 Vt
864 3367 966 3434 libet?
1007 3365 1091 3483 llrsso

139 3456 220 3520 Post
241 3478 359 3521 nonam
381 3457 503 3542 venies3
525 3458 658 3541 nunci,
680 3479 747 3521 rem
770 3461 920 3523 strenuus
944 3455 1041 3541 auge?

140 3544 187 3609 Vt
208 3548 341 3610 ventum
364 3545 404 3609 ad
426 3550 582 3630 cenamst,
605 3545 737 3610 dicenda
759 3545 893 3611 tacenda
913 3544 1037 3611 locutus
