2370 4028
10 198 67 256 [n.
86 203 159 274 nn]
456 203 564 258 mann
581 205 603 260 1.

134 345 251 410 Audax
274 347 382 411 omnia
403 347 528 431 perpeti

176 432 261 498 Gens
284 434 425 499 humana
446 436 513 500 ruit
534 458 592 520 per
614 435 751 500 vetitum
773 435 872 500 nefas.

128 521 247 587 Audax
268 521 372 607 Iapeti
395 545 496 609 genus

174 609 287 695 Ignem
309 610 421 677 fraude
443 611 529 677 mula
552 611 702 697 gentibus
724 611 843 676 intulit.

130 760 210 825 Post
231 761 340 845 ignem
363 762 504 826 aetheria
527 762 622 826 dome

175 847 374 913 Subductum
397 851 514 914 macies
537 855 570 916 et
591 871 675 915 nova
696 849 835 913 febrium

129 937 237 1001 Terris
260 937 407 1003 incubuit
430 938 557 1022 cohors,

174 1023 379 1110 †Sem0tique
401 1027 491 1110 prius
514 1027 606 1090 tarda
627 1026 801 1092 necessitas

127 1175 202 1239 Leti
225 1175 380 1260 corripuit
403 1175 546 1259 gradum.

174 1263 337 1348 Expertus
359 1285 496 1328 vacuum
518 1263 679 1328 Daedalus
703 1286 776 1330 aera

128 1351 242 1416 Pinnis
265 1374 329 1415 non
351 1351 475 1416 homini
499 1351 595 1437 datis3

174 1439 326 1523 Perrupit
348 1439 532 1504 Acheronta
553 1439 730 1505 Herculeus
752 1439 851 1505 labor.

129 1589 188 1655 Nil
210 1587 401 1654 mortalibus
424 1589 559 1674 arduist3

175 1675 306 1741 anlum
329 1677 435 1761 ipsum
457 1678 598 1762 petimus
621 1676 773 1762 stultitia,
794 1699 898 1762 neque

129 1765 192 1831 Per
213 1770 361 1829 nostrum
383 1765 525 1849 petimur
547 1764 650 1831 scelus

173 1851 330 1918 Iracunda
352 1851 461 1918 Iovem
484 1876 602 1938 ponere
624 1853 768 1918 fulmina.

444 2103 604 2112 ——-

487 2299 562 2365 IIII.

23 2423 166 2490 Solvitur
189 2425 270 2490 aeris
292 2424 418 2509 hiemps
442 2428 534 2509 grata
555 2425 624 2490 viee
646 2426 731 2490 veris
755 2430 788 2491 et
808 2425 943 2511 Favoni,

63 2510 272 2596 Trahuntque
295 2512 395 2577 siccas
418 2513 584 2578 machinae
608 2514 745 2598 carinas,

20 2600 68 2665 Ac
86 2622 190 2685 neque
208 2601 272 2664 iam
291 2600 427 2665 stabulis
447 2601 565 2686 gaudet
582 2623 680 2686 pecus
699 2605 755 2667 aut
768 2606 876 2667 arator
893 2604 974 2689 igni,

62 2689 132 2755 Nec
153 2692 247 2773 prata
269 2689 357 2753 canis
381 2689 521 2754 albicant
542 2691 674 2775 pruinis

19 2836 88 2902 Iam
113 2836 271 2921 Cytherea
294 2838 408 2904 choros
432 2839 520 2904 ducit
542 2838 652 2904 Venus
675 2839 862 2922 imminente
885 2841 974 2927 lune,
1011 2858 1026 2908 5

62 2924 257 3011 lunatasque
279 2925 441 3011 Nymphis
465 2926 593 2992 Gratiae
617 2928 763 2992 decentes

18 3013 154 3079 Altemo
173 3017 292 3079 terram
307 3015 456 3099 quatiunt
468 3016 561 3100 pede,
580 3016 656 3079 dum
670 3036 784 3100 graves
798 3014 973 3102 Cyclopum
1100 3029 1102 3035 '

62 3101 226 3168 Volcanus
249 3104 363 3168 ardens
385 3104 451 3167 urit
474 3103 626 3168 officinas.

17 3251 113 3317 Nunc
132 3253 223 3318 decet
241 3256 297 3317 aut
314 3253 410 3317 viridi
428 3253 566 3317 nitidum
585 3257 681 3336 caput
698 3254 852 3338 impedire
866 3260 973 3338 myrto

60 3339 130 3405 Aut
152 3342 244 3426 fiere,
266 3345 369 3407 terrae
393 3364 487 3426 quem
509 3341 618 3406 ferunt
642 3342 778 3426 solutae3
993 3361 1026 3409 10

16 3429 113 3495 Nunc
131 3432 164 3494 et
182 3430 215 3493 in
233 3429 394 3495 umbrosis
416 3429 527 3494 Fauno
551 3430 641 3495 decet
662 3430 828 3496 immolare
851 3429 946 3516 lucis,

61 3516 125 3584 Seu
147 3522 261 3602 poscat
283 3539 366 3603 agna
388 3518 454 3583 sive
478 3517 570 3583 malit
592 3518 701 3584 haedo.
