2370 4028
139 205 255 261 XXXIV
501 203 786 261 PROLEGOMENA.

227 354 393 431 1,3,132.
424 358 521 414 tonsor
542 353 648 413 Bland.
672 353 911 430 antiquissimum
934 358 1015 413 sotor
1032 373 1062 413 v.

227 442 252 519 I,
271 445 300 519 4,
320 444 348 502 8.
378 444 472 502 duros
494 459 651 516 conponere
668 460 777 502 ocsus.
804 441 903 501 Minus
921 460 1017 518 aeque
1036 442 1074 501 de
1092 441 1150 501 Lu·

140 531 202 589 cilii
233 533 298 590 arte
326 531 451 590 metrica
482 531 608 590 iudicari
638 529 674 588 ab
703 530 830 590 Horatio
860 530 921 589 dixi
950 549 1056 591 comm.
1079 530 1149 590 Luc.

140 639 168 694 p.
189 621 262 679 291.
292 618 463 678 Verendum
484 622 594 694 tamn,
617 638 654 677 ne
676 618 881 696 indulgentiae
899 619 1009 678 nimiae
1028 619 1149 678 crimine

139 708 201 765 iam
227 710 385 767 accusetur
406 707 497 783 idem,
520 706 608 767 modo
630 705 719 765 fidem
744 706 884 766 habueris
910 706 988 767 libro
1014 707 1074 783 illi,
1099 707 1150 784 qui

139 785 273 855 Berolini
290 814 387 872 nuper
404 795 517 872 prodiit
535 795 580 854 ita
596 794 771 870 inscriptus:
796 793 827 854 0.
842 795 953 854 Locttta'
970 799 1149 855 sabaeorum.
1184 853 1185 862 ,

41 945 44 951 ,
142 882 267 943 Carolus
288 883 499 943 Lcobmoooaos
522 884 690 944 cumdoott.
730 882 845 958 Nempe
867 882 898 941 in
920 883 977 943 hoc
998 883 1150 961 leguntur,
1184 963 1185 966 Ἴ

139 976 176 1030 ut
197 989 295 1048 pauca
317 989 473 1047 excerpam
495 990 531 1030 ex
553 970 669 1046 multis,
692 971 831 1031 versiculi
852 971 929 1030 tales
952 970 1108 1047 dactylici:
1184 977 1185 990 ¹

388 1110 440 1162 ego
459 1109 531 1162 quac
549 1111 623 1148 nunc
641 1093 762 1148 Aemilio
777 1111 848 1163 prae

211 1171 292 1219 conto
310 1166 395 1232 atque
414 1164 496 1234 exigo
515 1167 544 1218 et
562 1167 688 1218 excanto.

210 1234 307 1315 pluma
326 1238 411 1303 atquc
430 1237 602 1316 cmpbitcpoe
619 1242 644 1289 et
662 1235 687 1288 ei
705 1233 784 1287 aliud
802 1233 871 1302 quid
890 1233 1063 1289 divitiamm.

211 1304 712 1430 accessisses
805 1307 1016 1430 remotam·

210 1391 309 1502 daubei
326 1445 414 1516 venis,
433 1446 479 1501 vel
497 1420 547 1514 qdi
564 1445 595 1500 in
612 1392 709 1516 nudus
728 1445 802 1500 belle
821 1462 881 1500 esse
900 1418 985 1515 neges
1004 1447 1042 1501 te.

140 1561 202 1618 sive
224 1559 376 1620 trochaica
397 1559 446 1618 vel
467 1559 596 1620 iambica
616 1560 724 1619 mavis:

210 1673 296 1727 perge
315 1657 417 1711 amabo
435 1673 469 1711 ac
487 1657 512 1710 si
527 1663 598 1726 poto,
615 1659 676 1724 face
696 1656 811 1726 dignam
829 1671 873 1710 me
894 1658 927 1710 ut
945 1656 1025 1710 vobis
1044 1660 1149 1726 putem.

387 1729 456 1781 mibi
472 1744 575 1783 necesse
594 1730 637 1781 est
654 1726 741 1795 loqui.

140 1851 300 1910 Praeterea
327 1870 362 1910 ex
392 1849 495 1910 eodem
522 1849 674 1925 discimus,
704 1848 940 1926 Lachmannum,
968 1869 1036 1909 cum
1066 1851 1149 1927 prius

91 2019 93 2023 Ι
142 1939 297 1998 statuisset
314 1939 346 1997 in
359 1936 469 1997 Lucilii
486 1938 569 1996 libris
583 1957 643 1997 non
661 1938 752 1997 fuisse
766 1938 824 1997 nisi
841 1938 1026 1998 hexametros
1044 1942 1148 2015 penta·

141 2031 311 2103 matresque
339 2026 500 2102 dactylicos
524 2029 554 2085 et
580 2025 721 2085 iambicos
748 2027 899 2086 trimetros
922 2043 957 2085 ac
983 2027 1149 2087 trochaicos

142 2115 338 2191 septenarios,
365 2114 522 2191 postremis
548 2114 630 2173 ritae
656 2114 807 2173 mensibus
834 2114 916 2190 apud
946 2114 1073 2173 eundem
1101 2115 1148 2174 de·

142 2203 293 2280 prendisse
323 2206 353 2261 et
382 2201 548 2262 octonarios
577 2201 717 2262 iambicos
746 2203 795 2262 vel
823 2202 988 2263 trochaicus
1019 2207 1050 2262 et
1080 2221 1149 2262 ana·

142 2294 314 2368 paestorum
335 2290 420 2350 varia
442 2309 552 2368 genera
574 2293 606 2350 et
632 2291 754 2350 creticos
778 2294 808 2349 et
829 2290 978 2367 bacchios,
1002 2291 1149 2367 quaedam

143 2380 234 2439 etiam
260 2381 368 2454 metra,
392 2396 469 2454 quae
493 2397 511 2437 a
532 2397 580 2438 me
602 2378 735 2455 quidem,
759 2379 952 2455 quantumvis
974 2379 1149 2454 laborarem,

143 2468 245 2527 scandi
275 2467 359 2526 nullo
390 2467 477 2526 modo
508 2467 671 2542 potuerint.
704 2498 746 2508 -
778 2467 826 2525 Tu
856 2486 926 2526 vero
959 2466 1001 2525 sic
1031 2466 1148 2542 habeto,

143 2575 240 2632 neque
263 2558 317 2614 aut
339 2554 443 2614 fecisse
465 2553 615 2613 Lucilium
636 2572 739 2614 versus
762 2555 837 2614 tales
860 2558 915 2613 aut
936 2553 1077 2614 habuisse
1101 2572 1148 2615 eos

142 2663 197 2720 pro
224 2641 387 2702 Lucilianis
414 2641 637 2702 Lachmannum
664 2661 761 2718 neque
789 2643 912 2718 librum,
940 2661 1029 2718 quem
1056 2641 1148 2702 Lech·

143 2751 251 2791 manno
273 2750 382 2807 parum
405 2749 467 2790 esse
490 2730 614 2807 dignum
635 2729 754 2806 publice
776 2731 976 2806 privatimque
999 2731 1149 2806 professus

144 2824 190 2879 est
215 2820 254 2877 M.
277 2819 442 2895 Hauptius,
470 2818 613 2877 nitescere
642 2836 728 2894 posse
757 2819 896 2878 laudibus
925 2818 1071 2877 Momseni
1103 2819 1150 2878 vel

142 2907 279 2968 Vahleni.
311 2906 445 2976 Quorum
466 2906 627 2983 temeritas,
652 2907 844 2982 quantumvis
863 2906 968 2965 acerba
989 2907 1152 2966 memoriae

143 2995 326 3055 Lachmanni
349 2998 380 3054 et
403 2995 439 3055 ob
462 2995 494 3052 id
511 2994 594 3054 nobis
617 2994 744 3072 ingrata,
768 2994 878 3070 duplex
898 2997 1000 3052 tamen
1022 3011 1151 3054 commo·

144 3085 216 3142 dum
245 3083 364 3158 habuit,
393 3084 524 3158 primum
554 3083 634 3158 quod
662 3084 723 3141 iam
753 3082 887 3142 omnibus
920 3085 1058 3158 apparet,
1091 3101 1152 3142 non

144 3173 248 3231 durius
267 3190 372 3247 aequo,
390 3173 426 3229 ut
443 3170 581 3230 nonnulli
599 3170 714 3246 opinati
731 3174 810 3247 sunt,
832 3171 883 3230 sed
900 3171 996 3229 lenius
1015 3173 1153 3246 arreptos

145 3261 216 3320 olim
238 3278 257 3319 a
278 3259 363 3319 nobis
387 3276 444 3335 eos,
468 3259 521 3335 qui
544 3258 582 3316 ad
603 3259 679 3318 talia
701 3258 814 3318 edenda
836 3278 905 3318 cum
928 3257 1153 3334 descenderunt,

145 3349 334 3408 declararunt
364 3347 435 3423 ipsi,
468 3350 582 3422 quanta
613 3350 711 3406 essent
742 3347 884 3406 sermonis
920 3346 1153 3422 litterarumque

144 3436 321 3495 Latinarum
342 3434 460 3511 peritia,
484 3434 588 3494 deinde
607 3435 688 3512 quod
709 3434 830 3494 tandem
847 3435 940 3493 nubes
960 3435 1013 3492 illa
1031 3434 1152 3494 menda·

144 3526 270 3601 ciorum,
294 3542 371 3600 quae
398 3541 417 3582 a
442 3523 602 3601 philologis
628 3523 869 3582 Berolinensibus
900 3522 1078 3600 quibusdam
1108 3523 1152 3582 in-
