2370 4028
324 579 363 662 o.
382 578 564 650 nonum
586 576 754 649 rancor

277 725 314 823 O
333 726 382 822 Α
404 726 451 821 R
468 726 525 822 M
547 726 573 821 Ι
595 725 645 822 Ν
667 725 716 821 V
741 725 797 821 Μ

403 893 511 948 LIBER
528 895 671 950 PRIMVS.

527 1055 552 1120 Ι.

146 1171 312 1235 Maecenas
336 1171 438 1234 atavis
461 1170 544 1234 edite
567 1171 710 1255 regibus,

145 1257 173 1323 0
197 1264 229 1324 et
250 1259 444 1343 praesidium
467 1262 500 1322 et
522 1258 613 1323 dulce
636 1259 732 1323 decus
754 1280 875 1344 mcum,

146 1347 230 1412 Sunt
252 1369 332 1431 quos
355 1346 512 1410 curriculo
535 1347 697 1430 pulverem
722 1344 925 1430 Olympicum

147 1435 320 1519 Collegisse
343 1435 432 1498 iurat
453 1438 601 1518 metaque
623 1435 753 1498 fervidis

146 1576 278 1640 Eritata
299 1576 379 1640 rotis
401 1575 570 1658 palmaque
591 1575 723 1659 nobilis3

146 1664 315 1728 Terrarum
339 1663 485 1727 dominos
508 1662 614 1726 evehit
636 1664 676 1727 ad
699 1663 774 1728 deos

145 1751 254 1836 Hunc,
277 1752 303 1814 si
326 1751 494 1814 mobilium
516 1751 612 1814 turba
634 1749 807 1827 Quiritium

147 1839 257 1905 Ocrtat
279 1839 464 1923 tergeminis
487 1839 598 1902 tollere
621 1839 810 1924 honoribuS,

146 1979 257 2064 Illum,
280 1980 308 2043 si
329 1979 460 2062 proprio
484 1978 625 2043 condidit
647 1979 776 2063 horreo,

149 2066 310 2151 Quidquid
333 2067 371 2132 de
393 2066 523 2150 Libycis
545 2068 683 2132 verritur
706 2068 795 2133 arcis.
1008 2086 1041 2133 10

147 2155 345 2220 Gaudentem
367 2155 489 2238 patrios
511 2154 631 2220 findere
654 2156 778 2221 sarculo

147 2243 254 2329 Agros
276 2242 426 2307 Attalicis
449 2242 687 2307 condicionibus
797 2318 802 2324 ,

146 2384 332 2467 Numquam
355 2383 536 2468 demoveas,
559 2388 596 2447 ut
617 2385 707 2448 trabe
731 2383 848 2468 Cypria

147 2472 311 2556 Myrtoum
333 2472 467 2554 pavidus
489 2475 587 2535 nauta
609 2478 694 2537 secet
716 2496 810 2538 mare.

147 2561 337 2624 Luctantem
359 2558 470 2623 Icariis
492 2560 643 2624 fluctibus
665 2559 811 2625 Africum
1008 2578 1041 2626 15

148 2647 308 2712 Mercator
329 2651 474 2712 metuens
497 2649 599 2712 otium
622 2654 655 2713 et
677 2649 786 2733 oppidi

147 2788 272 2853 Laudat
293 2810 368 2852 rura
390 2789 453 2871 sui3
476 2810 551 2853 mox
573 2789 676 2853 reficit
699 2793 783 2853 rates

149 2876 300 2960 Quassas,
323 2876 470 2941 indocilis
492 2877 676 2961 pauperiem
698 2878 774 2961 pati.

148 2965 211 3028 Est
234 2965 289 3048 qui
310 2986 368 3028 nec
391 2965 507 3029 veteris
529 2965 644 3048 pocula
666 2964 794 3030 Massici

148 3052 217 3118 Nec
239 3056 362 3137 partem
386 3053 488 3117 solido
512 3053 635 3117 demere
659 3053 770 3118 dedic
1007 3072 1040 3120 20

150 3192 291 3278 Spernit,
313 3215 399 3258 nunc
420 3193 515 3258 viridi
538 3193 681 3258 membra
702 3194 762 3258 sub
786 3195 899 3260 arbuto

150 3282 290 3366 Stratus,
312 3303 397 3346 nunc
420 3283 460 3345 ad
482 3303 581 3365 aquae
603 3282 674 3346 lene
697 3287 792 3366 caput
815 3305 930 3348 sacrae.

148 3369 270 3434 Multos
293 3374 397 3434 castra
419 3371 530 3434 iuvant
553 3374 584 3433 et
606 3370 687 3434 lituo
711 3371 806 3436 tubae

147 3458 331 3524 Permixtus
354 3459 477 3523 sonitus
500 3457 645 3542 bellaque
668 3459 824 3523 matribus

90 3574 225 3614 nomm.
868 3568 882 3616 1
