2370 4028
73 209 86 264 ῑ.
101 209 176 281 vn]
280 263 284 271 ,
477 208 585 262 amna
602 210 622 265 1.

521 388 576 453 VI.

132 510 287 576 Scriberis
311 511 410 575 Vario
433 511 527 576 fortis
551 517 583 576 et
604 511 749 577 hostium

130 599 258 683 Victor,
280 599 420 664 Maeonii
443 601 592 665 carminis
615 600 716 686 †aliti,

129 688 234 765 Quam
257 710 324 752 rem
348 710 483 772 eumque
505 689 596 753 ferox
618 690 754 754 navibus
778 694 834 754 ant
857 690 947 774 equis

175 775 269 841 Miles
292 780 325 840 te
348 775 427 840 duce
451 775 607 861 gesserit?

129 916 214 1000 Nos,
236 915 394 1001 Agrippa,
416 937 519 999 neque
540 915 620 981 haec
643 917 747 982 dicere
769 939 827 982 nea
850 938 980 1002 gravem
1034 935 1049 981 5

130 1004 259 1069 Pelidae
282 1002 483 1069 stomachum
506 1006 615 1070 cedere
638 1005 738 1070 nescii

129 1092 200 1157 Neo
222 1114 333 1157 cursus
357 1092 493 1176 duplicis
515 1115 573 1176 per
595 1115 682 1159 mare
704 1093 814 1158 Ulixei

174 1180 243 1246 Nec
266 1203 392 1246 saevam
414 1179 543 1264 Pelopis
567 1181 695 1246 domum

130 1319 305 1405 Conamur,
327 1326 440 1385 tennes
463 1322 608 1406 grandia,
632 1321 707 1385 dum
730 1323 834 1405 pudor

129 1407 326 1493 Inbellisque
348 1408 436 1493 lyrae
458 1408 552 1473 Musa
574 1413 687 1493 potens
710 1414 799 1474 vetat
1017 1427 1049 1475 10

129 1497 255 1562 Laudes
279 1497 400 1582 egregii
424 1496 567 1562 Caesaris
591 1502 623 1562 et
646 1502 718 1562 tuas

177 1584 279 1669 Culpa
301 1587 441 1650 deterere
463 1586 580 1670 ingeni.

130 1726 226 1811 [Quis
248 1725 385 1790 Martem
408 1726 516 1789 tunica
539 1730 659 1790 tectum
683 1727 886 1792 adamantina

129 1815 237 1899 Digne
261 1814 425 1898 scripserit
447 1818 503 1878 aut
525 1815 655 1898 pulvere
677 1815 792 1880 Troico

128 1902 270 1987 Nigmm
292 1901 456 1967 Merionen
480 1907 536 1966 aut
558 1925 617 1987 ope
639 1902 780 1968 Palladis
1016 1920 1048 1968 15

174 1991 319 2075 Tydiden
342 1991 465 2074 superis
487 1991 632 2075 peremi]

129 2131 200 2196 Nos
225 2131 383 2213 convivia,
405 2152 464 2194 nos
486 2130 609 2214 proelia
630 2131 792 2216 virginum

131 2218 234 2284 Sectis
257 2219 291 2282 in
313 2219 443 2283 iuvenes
466 2219 628 2303 unguibus
652 2219 772 2284 aerium

131 2306 319 2391 Cantemus,
341 2307 447 2390 vacui,
470 2306 536 2370 sive
560 2307 637 2390 quid
660 2308 797 2391 urimur,

173 2394 250 2462 Non
272 2399 399 2479 praeter
421 2394 552 2460 solitum
575 2396 669 2460 leves.
1015 2412 1049 2460 20

466 2592 625 2600 *οι-ι·-

508 2727 580 2794 VH.

73 2856 233 2920 sudabunt
256 2853 311 2917 alii
335 2851 452 2918 claram
474 2852 612 2917 Rhodon
636 2856 691 2916 aut
713 2851 890 2935 Mytilenen

82 2941 153 3007 Aut
174 2940 327 3025 Epheson
350 2940 522 3004 bimarisve
546 2939 693 3005 Corinthi

74 3031 168 3096 oenia
190 3030 242 3094 vel
263 3029 390 3093 Baccho
413 3028 539 3093 Thebas
561 3028 614 3093 vel
636 3027 787 3112 Apolline
809 3027 953 3111 Delphos

81 3117 232 3202 Insignes
255 3121 311 3181 aut
332 3117 485 3182 Thessala
508 3113 635 3200 Tempe.

73 3262 124 3324 mt
143 3258 260 3342 quibus
278 3278 378 3321 unum
397 3278 477 3341 opus
497 3260 558 3340 est,
576 3256 714 3321 intactae
733 3256 873 3321 Palladis
892 3257 1004 3322 urbem
1033 3273 1049 3320 5

83 3346 232 3412 Carmine
254 3349 408 3429 perpetuo
432 3343 591 3409 celebrare
614 3346 665 3408 †et

73 3436 190 3519 ndique
214 3434 394 3518 decerptam
416 3433 517 3497 fronti
539 3454 734 3516 praeponere
758 3432 883 3497 olivam.

80 3523 247 3589 Plurimus
269 3523 304 3586 in
325 3521 457 3586 Iunonis
480 3521 602 3586 honore
