2370 4028
55 243 155 316 [uu]
392 244 502 298 amun
517 245 579 299 1111.
925 245 990 311 109

142 387 201 471 Te,
223 388 361 453 fontium
385 388 441 472 qui
464 387 546 453 oelat
568 388 722 473 origines,
954 406 989 453 45

141 476 300 561 Nilusque
323 480 356 541 et
376 475 502 560 Hister,
524 480 556 541 te
578 476 708 560 rapidus
731 476 852 562 Tigris,

186 563 231 630 Te
253 565 405 629 beluosus
428 565 484 648 qui
505 565 638 630 remotis

231 651 397 736 Obstrepit
419 650 563 718 Oceanus
585 653 764 736 Britannis,

142 801 187 866 Te
209 823 274 865 non
296 800 443 885 paventis
464 801 578 866 funera
600 801 721 867 Galliae

142 890 312 973 Duraeque
335 889 431 954 tellus
454 889 544 954 audit
564 889 730 974 Hiberiae,
955 904 989 952 50

187 978 231 1042 Te
255 977 348 1042 oaede
371 977 546 1061 gaudentes
569 976 742 1064 Sygambri

233 1064 416 1150 Conpositis
438 1070 632 1131 venerantur
653 1067 759 1131 armis.

406 1313 566 1323 ——-—-

455 1513 525 1580 XV.

143 1637 292 1704 Phoebus
314 1636 475 1702 volentem
497 1637 619 1721 proelia
640 1660 691 1702 me
713 1637 802 1721 loqui

143 1726 254 1792 Victus
278 1729 310 1790 et
332 1725 427 1790 urbes
449 1725 608 1809 increpuit
629 1724 713 1810 lyra,

186 1813 237 1880 Ne
259 1835 358 1898 parra
380 1812 581 1897 Tyrrhenum
603 1836 661 1898 per
682 1834 802 1897 aequor

233 1900 314 1966 Vela
337 1902 454 1966 darem.
493 1900 576 1986 Tua,
598 1900 726 1985 Caesar,
749 1904 837 1966 aetas

143 2051 266 2136 Fruges
290 2056 323 2116 et
345 2052 431 2136 agris
453 2051 580 2116 rettulit
601 2051 715 2116 uberes
973 2068 988 2117 e

143 2139 189 2204 Et
211 2141 305 2224 signa
326 2143 437 2204 nostro
460 2140 604 2204 restituit
625 2137 695 2203 Iovi

188 2228 329 2312 Derepta
350 2227 542 2292 Parthorum
565 2227 711 2312 superbis

232 2316 384 2381 Postibus
407 2320 440 2380 et
461 2337 597 2380 vaeuum
621 2315 735 2381 duellis

143 2464 257 2529 Ianum
280 2464 406 2542 Quirini
429 2464 544 2529 elausit
566 2468 599 2529 et
621 2465 764 2529 ordinem

143 2553 280 2618 Rectum
304 2553 451 2638 evaganti
472 2553 562 2617 frena
582 2551 730 2618 boeotiae
956 2571 990 2619 10

188 2640 302 2706 Inieeit
324 2642 506 2725 emovitque
529 2640 639 2725 culpas

232 2729 278 2795 Et
299 2734 422 2795 veteres
445 2729 607 2794 revocavit
628 2733 727 2813 artes,

143 2878 206 2942 Per
228 2899 307 2961 quas
328 2876 481 2942 Latinum
503 2898 620 2943 nomen
642 2882 675 2943 et
697 2876 796 2943 Italae

145 2965 277 3032 Crevere
300 2965 385 3031 vires
407 2966 555 3050 famaque
578 2970 611 3031 et
633 2966 747 3049 imperi

187 3053 339 3119 Porreota
360 3054 511 3119 maiestas
533 3054 574 3118 ad
596 3058 703 3118 ortum
958 3072 990 3121 15

232 3141 317 3207 Solis
340 3142 380 3206 ab
402 3142 559 3226 Hesperio
583 3142 690 3206 eubili.

144 3291 282 3356 Custode
305 3315 412 3356 rerum
436 3290 568 3357 Caesare
590 3314 655 3356 non
677 3291 768 3359 furor

144 3379 256 3446 civilis
279 3384 335 3444 aut
357 3381 406 3445 vis
430 3380 548 3445 eximet
570 3381 686 3464 otium,

186 3467 261 3534 Non
284 3469 344 3552 ira,
368 3490 448 3553 quae
471 3468 619 3552 procudit
642 3491 733 3534 enses

229 3556 274 3620 Et
296 3558 428 3622 miseras
452 3556 595 3622 inimicat
618 3558 721 3623 urbes.
956 3575 991 3625 20
