2370 4028
492 211 688 267 cnsnnrvn
908 212 1038 288 [vmrn

218 511 294 576 Vlla
316 513 345 576 si
366 512 446 576 iuris
469 513 530 577 tibi
552 513 686 596 peierati

219 599 340 685 Poena,
363 600 510 684 †Barine,
533 603 695 666 nocuisset
717 625 888 690 umquam,

220 688 324 753 Dente
347 689 375 752 si
398 690 490 773 nigro
513 689 606 753 fieres
629 690 681 754 vel
703 713 767 755 uno

262 776 400 860 Turpior
421 777 537 861 ungui,

220 915 394 982 Crederem.
436 916 499 981 Sed
520 921 556 981 tu
580 918 677 982 simul
699 919 856 1006 obligasti

218 1005 379 1069 Perfidum
401 1007 486 1070 votis
509 1010 617 1090 caput,
640 1007 789 1073 enitescis

218 1093 387 1158 Pulchrior
408 1093 510 1158 multo
534 1094 747 1180 iuvenumque
770 1098 883 1181 prodis

262 1181 397 1245 Publica
420 1203 503 1246 cura.

219 1321 360 1405 Expedit
382 1323 495 1387 matris
518 1324 638 1388 cineres
662 1328 790 1408 opertos

220 1409 344 1474 Fallere
367 1415 400 1474 et
421 1415 490 1474 toto
514 1412 674 1476 taciturna
696 1415 800 1479 noctis

221 1497 320 1583 Signa
342 1521 414 1563 cum
437 1499 523 1563 caclo
547 1500 714 1584 gelidaque
738 1502 828 1566 divos

263 1586 367 1651 Morte
390 1591 540 1651 carentes.

139 1804 142 1810 .
219 1727 314 1792 Ridet
336 1727 410 1811 hcc,
434 1729 577 1813 inquam,
600 1728 709 1795 Venus
732 1730 815 1816 ipsa,
837 1732 951 1798 rident

221 1814 387 1900 Simplices
410 1815 579 1900 Nymphae
602 1817 689 1882 ferus
713 1823 745 1882 et
769 1817 908 1905 Cupido,

221 1903 352 1988 Semper
374 1903 520 1968 ardentes
543 1927 658 1970 acuens
681 1907 817 1991 sagittas

263 1991 341 2057 Oete
364 1996 502 2057 cruenta.

219 2131 310 2197 Adde
334 2131 419 2216 quod
445 2133 560 2216 †pubes
583 2134 644 2198 tibi
667 2135 780 2200 crescit
803 2139 926 2224 omnis,

219 2220 363 2285 Servitus
387 2222 500 2285 crescit
523 2244 618 2306 nova,
641 2245 699 2287 nec
720 2224 843 2307 priores

218 2308 327 2393 Inpiee
350 2313 470 2372 tectum
493 2311 638 2375 dominae
662 2311 861 2397 relinquunt,

264 2396 363 2481 Saepe
386 2397 508 2462 minati.

218 2539 263 2603 Te
286 2539 352 2603 suis
376 2542 494 2603 matres
516 2543 664 2604 metuunt
686 2541 842 2624 iuvencis,

219 2628 263 2692 Te
286 2649 377 2691 senes
399 2627 488 2710 parci
510 2628 720 2712 miseraeque,
742 2650 844 2711 nuper

217 2715 382 2800 Virgines,
405 2718 536 2799 nuptae,
558 2720 615 2780 tua
637 2739 676 2780 ne
699 2717 840 2780 retardet

261 2803 350 2867 Aura
372 2803 512 2867 maritos.

512 3001 668 3011 ,.-.-.

538 3135 643 3202 VIIH.

218 3261 294 3326 Non
316 3283 441 3345 semper
464 3260 582 3326 imbres
605 3262 745 3325 nubibus
768 3261 934 3346 †hispidos

218 3349 351 3414 Manent
373 3350 407 3412 in
430 3370 525 3434 agros
549 3354 604 3413 aut
625 3371 712 3414 mere
736 3348 887 3434 Caspium

262 3437 390 3502 Vexent
413 3438 594 3522 inaequales
617 3437 774 3522 procellae

307 3525 432 3610 Vsque,
454 3547 512 3590 nec
534 3525 695 3592 Armeniis
718 3527 752 3590 in
775 3527 854 3612 eris,
