2370 4028
432 199 705 256 PROLEGOMENA
1042 202 1081 256 XI

68 351 140 406 sunt
162 349 251 423 tales,
281 349 317 407 ut
339 367 401 406 una
423 349 471 407 vel
494 350 609 409 duabus
632 351 767 410 tribusve
789 352 932 410 litterulis
954 352 1080 410 mutatis

68 435 228 495 videantur
249 454 336 512 posse
358 437 433 496 tolli.

157 525 222 582 Iam
244 528 281 583 ut
302 543 426 602 pergam
443 525 475 582 in
493 526 551 600 via,
576 545 611 584 ex
631 527 714 585 libris
737 547 830 584 manu
848 527 966 602 scriptis
984 528 1079 586 secuti

71 631 171 671 sumus
194 613 329 689 maxime,
352 613 438 672 utin
457 613 588 674 editione
606 615 713 690 priore,
736 615 911 674 Blandinios
935 617 1080 691 quattuor

71 704 101 759 et
128 701 248 777 quidem
274 702 370 778 magis
397 701 521 778 reliquis
546 702 794 778 antiquissimum.
837 702 894 771 oui
922 722 990 762 cum
1019 723 1079 763 non

69 790 130 847 iam
152 792 262 865 extent,
285 789 366 848 felici
383 789 492 849 accidit
515 809 594 866 casu,
619 789 848 866 quod-Gothani
870 790 992 850 secundi
1013 810 1079 850 eam

70 881 199 953 partem,
224 897 284 954 qua
306 880 428 936 satiuae
451 884 480 938 et
504 879 650 954 epistulae
674 880 876 955 continentur,
900 879 1079 955 descriptam

70 968 197 1041 apparet
226 985 261 1024 ex
290 966 451 1042 archetypo
481 966 634 1025 Blandinii
660 968 873 1043 antiquissimi,
900 969 997 1028 lacero
1025 969 1079 1026 illo

70 1054 141 1112 iam.
158 1072 192 1113 ac
221 1054 358 1129 turbato,
384 1058 421 1113 ut
444 1054 648 1114 demonstrant
675 1056 784 1116 omissa
811 1057 831 1114 l.
853 1056 884 1113 Π
907 1075 952 1132 ep.
975 1056 1021 1113 111
1048 1060 1080 1114 et

72 1142 180 1200 adiecti
202 1142 262 1201 alia
283 1161 375 1201 manu
397 1143 562 1201 carminum
584 1142 661 1218 libri,
684 1162 738 1203 nec
760 1144 858 1202 minus
883 1143 1077 1220 perturbatus

71 1230 231 1290 admodum
263 1233 434 1289 saturarum
466 1234 497 1289 et
534 1232 730 1306 epistularum
767 1232 846 1291 ordo.
890 1232 949 1290 Hic
983 1232 1078 1309 igitur

70 1318 170 1394 codex,
184 1319 269 1376 ouius
283 1318 395 1395 legitur
409 1319 567 1394 descriptio
582 1320 664 1395 apud
671 1319 868 1378 Kirchnerum
881 1340 947 1380 nov.
963 1323 1078 1396 quaest.

70 1407 142 1468 Hor.
161 1427 189 1482 p.
206 1409 245 1465 22
261 1425 335 1482 sqq,
357 1406 439 1464 haud
461 1407 576 1466 inutilis
596 1410 641 1466 est
660 1408 698 1466 ad
714 1407 802 1466 fidem
825 1427 986 1483 curamque
1006 1407 1077 1467 Cru-

72 1495 137 1571 quii
163 1494 388 1553 examinandam
410 1498 440 1553 et
463 1495 501 1552 ad
526 1513 638 1555 errores
667 1496 812 1571 quosdam
840 1496 903 1555 eius
931 1497 1078 1574 corrigen-

71 1584 124 1644 dos
147 1585 177 1642 et
199 1583 365 1658 supplenda
388 1601 466 1659 quae
488 1583 696 1659 praetermisit.
724 1584 770 1642 Ac
791 1587 892 1643 tamen
911 1584 1079 1660 dolendum,

72 1671 153 1748 quod
170 1670 239 1729 libri
256 1670 410 1729 Blandinii
427 1671 654 1730 interciderunt:
676 1691 859 1748 quamquam
877 1673 995 1750 egregie
1013 1672 1078 1731 falli

72 1760 207 1819 existimo
231 1777 289 1835 eos,
312 1777 330 1817 a
353 1778 482 1834 quorum
500 1760 648 1818 sententia
669 1779 707 1819 ne
729 1761 828 1835 ipsum
848 1760 968 1835 quidem
986 1761 1077 1819 Bent-

70 1849 164 1907 leium
190 1847 322 1905 alienum
348 1847 440 1905 fnisse
468 1847 573 1908 docent
600 1867 635 1906 ea
663 1867 740 1924 quae
770 1849 926 1924 adscripsit
955 1847 994 1907 ad
1022 1852 1078 1908 sat.

70 1937 238 2012 Ι,6,196,
262 1935 314 2010 qui
336 1937 446 2011 putent
467 1935 595 1994 inventis
618 1937 663 1994 his
686 1936 769 1995 libris
793 1937 975 1996 authorum
998 1937 1077 1995 simi-

70 2024 149 2083 libus
167 2026 230 2082 tam
243 2023 354 2082 multas
368 2042 460 2083 novas
474 2042 583 2100 easque
601 2025 768 2100 praeclaras
782 2025 814 2082 in
827 2025 947 2084 Horatii
960 2025 1078 2100 scriptis

70 2115 191 2188 praesto
220 2112 283 2171 fore
313 2111 544 2189 dittographies,
574 2116 610 2171 ut
636 2113 720 2172 velut
749 2132 827 2172 nova
855 2113 981 2188 incipiat
1009 2132 1079 2171 aera

71 2201 154 2260 crisis
175 2199 366 2260 Horatianae.

159 2288 205 2347 Ex
228 2287 332 2346 ceteris
355 2287 503 2347 codicibus
526 2289 690 2363 plurimum
718 2289 812 2348 tribui
834 2289 979 2348 Beruensi
1001 2291 1078 2349 anti-

71 2377 227 2453 quissime,
255 2394 329 2434 saec.
348 2376 423 2434 VHI
448 2376 497 2435 vel
518 2376 574 2452 IX,
599 2372 667 2454 (B),
695 2371 831 2452 qui'etsi
857 2377 939 2435 haud
967 2396 1079 2453 paucas

69 2465 161 2524 habet
178 2465 362 2539 corruptelas
382 2467 412 2522 et
430 2464 684 2540 interpolationes,
702 2468 803 2524 tamen
822 2465 939 2541 aliquot
956 2465 988 2522 in
1005 2467 1078 2526 locis

71 2557 125 2613 aut
147 2554 228 2613 solus
253 2548 303 2630 (ut
325 2571 348 2611 c.
366 2551 409 2626 H,
431 2554 556 2627 11,16;
579 2571 601 2611 s.
624 2552 651 2627 I,
671 2555 699 2627 2,
720 2549 774 2629 33)
805 2556 859 2611 ant
880 2572 975 2629 paene
997 2554 1078 2614 solus

71 2644 202 2701 servant
215 2659 327 2699 verum.
352 2639 400 2698 Ab
418 2640 474 2700 hoc
488 2659 547 2700 non
565 2641 610 2698 ita
627 2641 757 2699 multum
776 2640 873 2700 differt
887 2641 950 2701 cod.
963 2642 1078 2702 Monac.

73 2731 178 2790 14685
201 2725 289 2806 (saec.
303 2725 358 2805 XI)
379 2746 449 2804 pars
463 2747 498 2786 ea
517 2747 609 2804 quam
622 2728 760 2788 Kellerus
778 2729 958 2806 significarit
975 2730 1079 2789 littera

72 2817 103 2877 0.
125 2818 227 2878 Bonus
242 2817 334 2876 etiam
346 2817 526 2892 minimeque
541 2818 723 2892 spernendus
732 2816 885 2876 Parisinus
902 2820 1001 2878 7900*
1013 2815 1078 2895 (A),

71 2907 120 2965 cui
142 2906 311 2966 simillimus
335 2907 381 2964 est
397 2905 611 2965 Ambrosianus
631 2903 664 2964 0.
685 2907 757 2980 136,
779 2905 852 2964 item
869 2904 963 2964 Paris.
983 2908 1078 2967 7975.

70 2995 117 3053 Ex
142 2994 266 3070 reliquis
293 2993 404 3052 Kelleri
430 2992 514 3052 libris
540 2994 683 3052 memoria
709 2996 829 3068 praeter
856 2996 968 3054 ceteros
995 2994 1079 3071 digni

69 3082 163 3143 Paris·
184 3085 278 3157 7971,
299 3085 316 3142 7
322 3084 393 3157 974,
417 3081 525 3157 quibus
549 3082 674 3140 eundem
693 3082 888 3158 archetypum
909 3101 1078 3158 repraesen-

68 3171 130 3230 tari
147 3171 256 3230 statuit
273 3171 333 3246 ille,
357 3170 410 3246 qni
427 3169 613 3246 significatur
630 3169 667 3227 ab
686 3189 720 3230 eo
738 3170 842 3229 littera
860 3171 892 3228 F.
923 3171 970 3228 Ex
987 3171 1078 3229 Bent-

68 3259 121 3318 leii
150 3259 242 3334 copiis
271 3259 398 3317 maxime
426 3259 610 3318 memorandi
632 3257 829 3333 Graevianns,
859 3257 1078 3335 Lugdunensis,

68 3347 241 3421 Vossianus,
264 3365 318 3406 nec
340 3367 400 3406 non
422 3346 498 3404 liber
520 3346 637 3424 collegii
659 3346 841 3424 Reginensis.
879 3345 993 3414 Quibus
1016 3348 1077 3422 ple-

67 3453 196 3511 rumque
220 3435 358 3495 convenit
380 3454 448 3493 oum
470 3434 613 3494 Parisinis
638 3437 732 3511 7971,
756 3438 851 3510 7974,
873 3454 933 3495 non
955 3434 1078 3511 perinde

68 3542 136 3582 cum
158 3523 184 3582 B
204 3526 234 3582 et
253 3524 290 3599 A,
313 3523 357 3581 ita
381 3522 501 3599 quidem
523 3525 559 3581 ut
582 3524 699 3598 saepius
723 3524 883 3583 deteriores
905 3523 995 3598 hisce,
1017 3542 1077 3582 non
