2370 4028
57 228 127 300 vn]
416 227 526 283 muns
541 228 588 284 n1.

130 369 194 436 Sed
216 371 304 435 iussa
327 391 433 435 ooram
455 392 520 436 non
543 372 611 438 sine
634 374 760 440 oonsoio

130 457 242 544 Surgit
263 459 394 543 marito,
417 481 473 524 seu
495 464 589 525 vocab
610 460 741 528 institor

175 545 239 612 Seu
261 547 352 611 navis
374 546 537 632 Hispanae
559 549 725 636 magister,

215 635 415 730 Dedecorum
437 637 598 720 pretiosus
621 643 753 723 emptor.

126 785 202 851 Non
224 784 275 849 his
300 785 448 850 iuventus
472 791 543 852 orta
564 788 751 872 parentibus

127 872 243 938 Infecit
266 895 385 957 aequor
407 875 562 959 sanguine
583 875 705 941 Punioo

171 960 398 1045 Pyrrhumque
421 967 454 1027 et
475 964 638 1049 ingentem
661 965 775 1029 oeoidil

216 1048 415 1114 Antiochum
436 1050 712 1137 Hannibalemque
735 1053 852 1138 dirum3

128 1197 191 1264 Sed
213 1199 407 1264 rusticorum
429 1201 571 1266 massula
591 1201 732 1267 militum

126 1285 253 1370 Proles,
277 1285 412 1352 Sabellis
435 1290 528 1354 docta
550 1289 712 1375 ligonibus

171 1374 309 1440 Versare
332 1375 461 1461 glaebas
484 1380 518 1443 eb
539 1400 666 1443 severae

215 1462 329 1529 Matris
353 1463 393 1528 ad
415 1465 585 1530 arbitrium
607 1467 725 1531 recisos

126 1614 260 1678 Portare
283 1612 399 1698 fustes,
422 1612 479 1680 Sol
500 1615 557 1680 ubi
578 1616 736 1681 montium

126 1701 268 1767 Mutarel
290 1703 419 1766 umbras
442 1706 475 1768 eb
497 1703 573 1789 iuga
596 1705 736 1769 demeret

169 1790 280 1855 Bobus
302 1790 447 1875 fatigatis
470 1792 608 1857 amioum

214 1877 354 1962 Tempus
377 1901 475 1965 agens
497 1880 633 1946 abeunte
656 1903 759 1946 ourru.

125 2028 290 2093 Damnosa
312 2028 390 2112 quid
411 2051 476 2093 non
498 2029 649 2094 inminuit
671 2030 759 2095 dies?

125 2115 224 2182 Aetas
247 2120 429 2202 parentum,
451 2117 541 2202 peior
563 2119 644 2202 avis,
667 2118 743 2182 tulit

168 2204 238 2272 Nos
260 2205 443 2290 nequiores,
464 2228 541 2271 mox
564 2206 694 2271 daburos

213 2293 405 2379 Progeniem
427 2294 634 2360 vitiosiorem.

417 2543 576 2553 —.

462 2742 534 2808 VH.

150 2864 237 2942 Quid
258 2867 330 2950 fles,
352 2864 492 2951 Asterie,
515 2888 610 2950 quem
633 2867 694 2932 tibi
717 2868 842 2932 candidi

150 2954 260 3018 Primo
283 2955 455 3019 restituent
476 2977 550 3019 vere
570 2954 705 3021 Favonii

194 3042 308 3125 Thyna
330 3065 434 3109 meroe
455 3044 598 3128 beatum,

240 3129 423 3196 Constantis
445 3131 592 3196 iuvenem
614 3132 689 3216 fide,

150 3278 287 3365 Gygen?
327 3279 387 3346 Ille
409 3280 505 3346 Notis
529 3285 618 3345 aolus
642 3281 682 3344 ad
704 3278 834 3347 Oricum
981 3301 996 3350 5

148 3368 229 3433 Post
251 3369 363 3434 insana
386 3369 505 3453 Caprae
528 3369 632 3434 sidera
653 3369 786 3455 frigidas

192 3455 314 3522 Noctes
336 3479 401 3522 non
424 3458 492 3522 sine
514 3456 625 3522 multis

237 3543 398 3611 Insomnis
419 3545 560 3610 lacrimis
584 3547 659 3632 agit.
