2370 4028
64 253 175 325 ‚xvir
440 253 549 308 uranu
567 255 601 310 n.
935 336 937 341 Ι
980 257 1023 319 4γ

175 397 313 462 Evincet
334 397 453 483 ulmos3
476 402 546 462 tum
568 399 701 464 violaria
723 404 755 465 et
900 397 904 405 '
1007 416 1024 464 a

174 485 302 569 Myrtus
325 489 358 550 et
381 487 485 550 omnis
509 487 601 570 copia
622 487 747 551 narium

220 573 379 659 spargent
401 573 527 639 olivetis
551 575 680 639 odorem

261 661 437 728 Fertilibus
460 662 589 727 domino
612 660 761 747 prioreni.

175 814 257 877 Tum
281 813 385 897 spissa
407 812 505 876 ramis
527 812 636 877 laurea
658 812 797 878 fervidos

174 900 334 966 Excludet
357 901 449 965 ictus.
489 900 565 965 Non
587 901 633 965 ita
654 900 785 965 Romuli

217 989 456 1072 Praescriptum
479 992 512 1053 et
533 989 654 1053 intonsi
677 988 807 1054 Catonis

261 1076 425 1161 Auspiciis
448 1081 655 1162 veterumque
677 1099 797 1142 norma

173 1227 322 1292 Privatus
345 1226 411 1291 illis
435 1247 548 1290 census
571 1229 640 1290 erat
661 1227 781 1309 brevis,

175 1315 349 1380 Commune
371 1335 538 1399 magnum:
560 1314 650 1378 nulla
672 1313 870 1397 decempedis
972 1370 974 1375 .

218 1402 339 1468 Metata
360 1402 496 1487 privatis
519 1423 650 1485 opacam

261 1490 409 1556 Porticus
432 1489 611 1573 excipiebat
632 1489 768 1574 Arcton,

173 1641 242 1706 Nec
263 1641 434 1706 fortuitum
457 1662 605 1724 spernere
628 1640 799 1723 caespitem

173 1729 276 1814 Leges
299 1729 459 1812 sinebant,
482 1727 599 1812 oppida
620 1728 749 1812 publico

219 1816 356 1901 Sumptu
379 1817 525 1882 iubentes
548 1819 582 1881 et
604 1816 735 1881 deorum
780 1892 796 1897 ,Ι

262 1904 394 1989 Templa
415 1926 498 1969 novo
522 1904 669 1969 decorare
692 1926 778 1969 saxo.

477 2351 563 2417 XVI.

148 2475 258 2540 Otium
281 2475 371 2540 divos
394 2479 489 2560 rogat
510 2475 544 2539 in
566 2471 689 2560 patenti

146 2565 287 2630 Prensus
310 2562 454 2648 Aegaeo,
477 2564 575 2628 simul
597 2568 667 2627 atra
688 2564 789 2628 nubes

135 2652 299 2718 'Condidit
320 2651 429 2715 lunam
452 2674 554 2736 neque
578 2656 665 2716 certa
686 2652 813 2737 fulgent

192 2738 303 2805 Sidera
324 2740 444 2824 nautis3

147 2889 258 2956 Otium
281 2889 365 2954 bello
388 2888 510 2953 furiosa
531 2889 666 2972 Thrace,

148 2978 258 3044 Otium
280 2977 368 3042 Medi
390 2977 540 3061 pharetra
562 2978 680 3061 decori,

149 3065 308 3152 Grospho,
329 3088 395 3131 non
418 3066 553 3150 gemmis
575 3087 677 3150 neque
700 3087 842 3150 purpura
864 3090 914 3132 ve-

191 3155 262 3220 nale
285 3176 388 3239 neque
411 3176 496 3218 auro.

145 3305 222 3370 Non
244 3305 329 3369 enim
352 3324 447 3386 gazae
470 3325 572 3386 neque
595 3303 770 3368 consularis

147 3392 323 3458 Submovet
345 3393 441 3456 lictor
462 3392 595 3456 miseros
618 3392 775 3457 tumultus

145 3481 264 3547 Mentis
288 3485 320 3546 et
343 3502 435 3545 curas
456 3479 604 3564 laqueata
627 3480 745 3545 circum

189 3570 287 3634 Tecta
308 3569 460 3634 volantes.
