2386 4020
90 257 192 334 uun]
487 260 595 315 nuru
612 262 646 317 11.
978 267 1061 341 ,179

87 400 124 469 ld
140 426 293 470 summum
315 407 405 469 totus
426 404 549 470 moduli
571 405 740 491 bipedalis,
764 410 796 471 et
818 407 902 472 idem

87 489 197 579 torpore
219 493 374 558 maiorem
396 492 482 558 rides
504 493 664 558 Turbonis
687 494 721 558 in
744 495 840 559 armis
1079 513 1131 562 310

86 576 215 665 Spiritum
238 584 271 646 et
292 581 465 646 incessum:
489 582 544 665 qui
566 581 720 647 ridiculus
741 583 848 647 minus
871 581 949 647 illo?

82 666 130 755 ln,
149 670 368 755 quodcumque
390 669 468 735 facit
489 667 669 754 Maecenas,
691 674 724 735 te
747 692 873 755 quoque
895 676 1051 755 verumst,

82 753 195 823 lantum
218 756 407 822 dissimilem
429 761 463 822 et
484 760 575 823 tanto
598 762 718 823 certare
740 758 917 824 minorem?

80 843 209 912 lbsentis
232 867 328 910 ranae
350 845 448 929 pullis
470 845 565 910 rituli
586 846 666 930 pede
688 848 807 931 pressis

80 929 151 1000 luna
171 934 227 1000 ubi
250 933 378 1020 effugit,
399 934 495 998 matri
519 934 680 1019 denarrat,
702 939 740 999 ut
761 935 874 1021 ingens
1076 953 1128 1003 315

79 1018 158 1088 Belua
177 1024 332 1108 cognatos
356 1021 489 1087 eliserit:
511 1021 568 1086 illa
589 1043 717 1108 rogare,

82 1106 243 1185 Quantane?
267 1131 345 1174 num
367 1113 507 1193 tantum,
529 1111 660 1175 sufflans
684 1133 731 1196 se,
753 1131 871 1195 magna
891 1110 1026 1175 fuisset?

82 1194 190 1264 ‘linior'
227 1197 403 1263 ‘Dimidiol
417 1235 460 1245 —
473 1196 561 1263 Num
582 1198 706 1263 tanto?
743 1197 823 1263 Gum
840 1200 943 1285 magis
963 1203 1057 1283 atque

82 1280 223 1373 &magis
245 1286 386 1371 inflaret,
409 1287 498 1371 ‘non,
521 1286 603 1369 site
625 1287 773 1371 ruperis,'
796 1287 915 1372 inquit,

82 1370 136 1439 ‘Par
155 1374 237 1441 eris'
277 1372 366 1439 Haeo
388 1378 461 1439 ate
483 1396 548 1439 non
570 1374 708 1439 multum
732 1374 855 1440 abludit
877 1376 992 1461 imago.
1075 1393 1127 1443 320

81 1457 150 1528 llio
168 1465 318 1548 poemata
338 1484 437 1547 nuno,
458 1462 520 1527 hoe
542 1467 604 1546 est,
627 1463 733 1528 oleum
756 1463 834 1528 adde
857 1465 995 1549 camino,

83 1544 148 1625 Quae
167 1551 268 1636 siquis
291 1572 387 1616 sanus
409 1551 499 1635 fecit,
522 1572 617 1615 sanus
639 1551 718 1616 facis
742 1555 774 1616 et
796 1554 840 1615 tu.

82 1630 137 1703 lton
157 1639 225 1705 (lico
246 1638 438 1704 horrendam
460 1639 598 1705 rabiem’.
642 1638 721 1704 ‘Iam
744 1639 873 1704 desine?
914 1639 1056 1706 ‘Cultum

83 1720 209 1793 llaiorem
232 1727 350 1792 censu?
389 1726 525 1812 Teneas,
545 1727 753 1812 Damasippe,
774 1728 840 1792 tuis
862 1728 916 1793 a!

84 1808 160 1879 lfille
178 1814 372 1900 puellarum,
394 1836 566 1900 puerorum
588 1816 676 1880 mille
698 1815 843 1880 furores?
1075 1833 1126 1884 325

84 1896 111 1963 Ὅ
126 1903 219 1969 maior
242 1903 371 1968 tandem
393 1925 518 1989 parcas,
540 1905 663 1989 insane,
686 1903 824 1969 minori?

476 2090 636 2100 ——-

518 2217 593 2284 IllI.

86 2334 160 2408 'Vnde
180 2346 213 2409 et
236 2363 300 2427 quo
324 2339 472 2408 (latiusi'
518 2341 604 2407 ‘Non
627 2348 677 2408 est
698 2344 780 2409 mihi
801 2349 928 2429 tempus
951 2348 1056 2412 aventi

83 2420 176 2495 Ponere
197 2431 292 2517 signa
312 2431 404 2495 novis
426 2430 617 2515 praeceptis,
641 2431 748 2516 qualia
769 2433 899 2498 vincent

82 2508 260 2605 Pythagoran
281 2516 446 2603 Anytique
469 2540 559 2584 reum
582 2519 774 2605 doctumque
796 2520 952 2586 Platona?

83 2597 236 2672 ‘Peccatum
258 2606 375 2690 fateor,
397 2628 470 2672 cum
492 2611 525 2672 te
548 2607 595 2672 sic
616 2611 759 2692 tempore
781 2609 872 2674 laevo

80 2682 300 2779 Interpellarim3
323 2695 378 2759 sed
401 2694 456 2760 des
478 2695 603 2760 veniam
625 2696 729 2761 bonus
752 2719 816 2762 oro.
1109 2715 1124 2763 5

80 2774 175 2855 Quodsi
195 2782 394 2848 interciderit
415 2783 476 2847 tibi
498 2805 583 2848 nunc
605 2784 743 2870 aliquid,
766 2789 889 2869 repetes
911 2808 1000 2870 mox,

78 2862 160 2936 liveat
179 2875 313 2936 naturae
335 2870 397 2936 hoc
419 2871 486 2936 sive
510 2872 601 2956 artis,
623 2874 724 2938 mirus
748 2874 905 2958 utroque!
929 2905 931 2909 ·

76 2952 150 3033 ‘Qun
171 2960 206 3025 id
228 2962 297 3025 erat
319 2980 425 3045 curae,
448 2982 512 3044 qno
535 2964 628 3043 pacto
652 2965 767 3026 cuncta
788 2966 942 3047 tenerem,

76 3038 172 3132 ltpotc
194 3070 246 3113 res
268 3051 393 3133 tenues,
415 3048 504 3112 tenui
527 3070 672 3113 sermone
694 3050 859 3133 peractas?

76 3130 133 3203 lde
152 3135 295 3202 hominis
318 3158 448 3220 nomen,
475 3135 572 3200 simul
596 3140 640 3222 et,
665 3137 829 3202 Romanus
852 3160 892 3202 an
915 3138 1053 3223 hospes.⁹
1090 3157 1122 3205 10

76 3220 136 3311 spec
156 3246 282 3291 memor
302 3228 471 3308 praecepta
493 3247 616 3310 canam,
639 3226 794 3290 celabitur
817 3231 936 3292 auctor.

76 3334 160 3401 cuge
182 3312 301 3399 quibus
323 3312 420 3378 facies
443 3313 512 3378 ovis
535 3314 609 3398 erit,
632 3313 689 3378 illa
710 3319 883 3400 memento,

76 3399 184 3469 truci
207 3399 351 3466 melioris
374 3405 407 3466 et
428 3405 466 3465 ut
488 3402 591 3486 magis
615 3401 698 3466 alma
720 3403 880 3487 rotundis,

76 3514 181 3559 onere:
204 3511 344 3574 namque
366 3511 486 3554 marem
509 3490 659 3554 cohibent
682 3491 799 3556 callosa
820 3491 975 3556 vitellum.

76 3581 140 3649 aule
165 3577 352 3646 suburbano
376 3578 431 3662 qui
455 3578 547 3643 siccis
571 3579 671 3644 crevit
693 3580 727 3643 in
750 3580 835 3665 agris
1090 3597 1121 3644 15

850 3684 903 3735 ra*
