2370 4028
518 223 666 280 EPODON

552 400 627 466 IllI.

218 526 317 610 Lupis
341 529 373 589 et
396 524 487 610 agnis
512 529 631 609 quanta
653 526 768 590 sortito
791 527 925 613 obtigit,

261 613 379 678 Tecum
402 612 483 676 milri
506 612 706 697 discordiast,

218 701 379 766 Hibericis
400 704 530 784 peruste
553 700 683 765 funibus
705 700 791 766 latus

262 789 307 854 Et
330 811 422 854 crura
444 788 524 852 dura
545 789 703 872 compede.

218 878 309 942 Licet
331 876 486 961 superbus
510 877 652 940 ambules
675 878 825 963 pecunia,

262 965 405 1029 Fortuna
426 986 491 1028 non
513 968 617 1028 mutat
639 985 748 1049 genus.

220 1053 372 1137 Videsne,
395 1051 524 1117 Sacram
546 1053 698 1117 metiente
721 1058 753 1118 te
776 1053 864 1118 viam

264 1140 344 1206 Cum
366 1140 416 1204 bis
440 1140 538 1204 trium
560 1140 708 1205 ulnarum
731 1145 822 1226 toga,

220 1229 266 1293 Vt
289 1250 344 1293 ora
365 1231 469 1293 vertat
491 1227 554 1292 huc
577 1231 609 1292 et
631 1227 694 1293 huc
717 1229 863 1293 euntium

263 1316 441 1381 Liberrima
462 1315 662 1400 indignatio?

220 1404 344 1470 ‘Sectus
367 1403 503 1488 flagellis
525 1403 578 1468 hic
600 1403 855 1468 triumviralibus

263 1492 433 1557 Praeconis
457 1491 497 1555 ad
518 1491 684 1555 fastidium

220 1579 301 1644 Arat
322 1579 449 1644 Falerni
471 1578 559 1643 mille
581 1579 673 1643 fundi
696 1578 807 1664 iugera

266 1668 311 1731 Et
332 1666 471 1751 Appiam
494 1667 619 1731 mannis
641 1667 717 1730 terit

223 1754 445 1838 Sedilibusque
466 1775 602 1839 magnus
624 1755 658 1818 in
680 1755 794 1838 primis
817 1778 916 1840 eques

265 1841 391 1907 Othone
413 1846 594 1927 contempto
618 1842 713 1908 sedet.

221 1930 305 2008 Quid
327 1930 442 1995 attinet
463 1934 514 1994 tot
535 1932 609 1994 †ora
630 1931 760 1995 navium
784 1932 876 2017 gravi

264 2019 415 2083 Rostrata
438 2019 510 2082 duci
531 2019 669 2102 pondere

221 2106 340 2172 Contra
360 2106 500 2171 latrones
523 2110 618 2190 atque
641 2105 789 2171 servilem
811 2129 955 2191 manum,

263 2194 347 2277 Hoc,
369 2195 430 2259 hoc
452 2195 582 2259 tribuno
605 2193 785 2259 militum?'

510 2432 668 2444 0-—

571 2614 610 2678 V.

220 2738 277 2802 ‘At
299 2760 318 2802 o
342 2738 471 2801 deorum
495 2737 649 2821 quidquid
672 2737 706 2800 in
729 2737 817 2803 caclo
840 2740 927 2826 regit

264 2824 377 2890 Terras
400 2828 432 2889 et
454 2824 630 2889 humanum
653 2845 766 2910 genus,

139 2926 141 2930 ’
220 2913 304 2989 Quid
326 2914 388 2977 iste
411 2912 474 2977 fert
495 2912 653 2976 tumultus
677 2914 809 2997 etquid
832 2915 975 2981 omnium

264 3000 380 3065 Voltus
403 3001 437 3065 in
460 3023 559 3064 unum
581 3022 632 3064 me
654 3001 781 3065 truces?

220 3089 282 3155 Per
304 3090 422 3154 liberos
445 3092 490 3172 te,
513 3089 541 3152 si
563 3093 676 3153 vocata
697 3089 853 3173 partubus

263 3177 384 3243 Lucina
405 3176 489 3241 veris
513 3177 628 3260 adfuit,

221 3264 283 3330 Per
304 3265 365 3330 hoc
388 3265 498 3329 finano
520 3286 679 3349 purpurae
702 3265 798 3329 decus
820 3287 949 3351 precor,

263 3352 326 3416 Par
347 3353 590 3436 inprobaturum
613 3351 691 3417 haec
713 3351 836 3437 Iovem,

221 3439 305 3517 Quid
327 3444 365 3505 ut
387 3463 523 3505 noverca
544 3463 595 3505 me
618 3440 752 3505 intueris
776 3445 832 3505 aut
854 3444 906 3507 uti

264 3528 371 3592 Petita
392 3527 476 3592 ferro
499 3528 630 3592 belua?'
