2370 4028
332 239 554 294 SATVRARVM
571 240 680 294 LIBER
697 241 718 294 Ι.
960 242 1022 307 135

63 383 210 447 ltamen
233 386 340 448 amoto
364 405 552 467 quaeramus
575 385 658 449 seria
679 381 784 472 ludo);

63 497 71 530 a
99 493 230 556 gravem
253 472 332 536 duro
355 475 473 536 terram
497 473 551 558 qui
574 473 672 537 vertit
695 476 814 558 aratro,
845 549 847 554 ¹

63 560 180 623 erfidus
201 559 255 624 hic
278 581 392 644 caupo,
414 560 507 624 miles
529 564 720 645 nautaeque,
742 582 800 644 per
822 583 914 627 omne

63 647 162 711 daces
185 669 272 712 mara
296 649 351 731 qui
375 651 518 732 currunt,
539 648 600 713 hac
622 652 728 713 mente
750 648 891 714 laborem
1040 668 1073 716 30

63 757 94 800 ac
116 736 213 819 ferre,
235 758 326 800 senes
349 739 386 799 ut
408 736 442 800 in
466 736 531 801 otia
553 740 625 800 tuta
646 737 806 822 recedant,

63 827 131 908 unt,
155 846 228 888 cum
251 823 313 888 sibi
336 825 401 887 sint
424 828 575 909 congesta
597 824 730 889 cibaria:
753 826 836 890 siout

63 911 165 995 rvola,
187 934 262 976 nam
285 911 475 996 exemplost,
498 913 607 997 magni
629 913 763 978 formica
784 913 903 979 laboris

63 1019 82 1061 a
103 998 202 1064 trahit
225 1000 446 1084 quodcumque
468 1004 576 1084 potest
598 1004 694 1085 atque
717 1002 805 1066 addit
827 1024 953 1088 acervo,

63 1109 118 1151 em
140 1088 250 1171 struit,
272 1087 358 1151 haud
381 1089 493 1172 ignara
515 1111 551 1152 ac
573 1111 637 1153 non
660 1089 788 1154 incauta
809 1090 918 1155 futuri.
1038 1107 1071 1156 35

63 1195 117 1260 aa,
139 1175 237 1240 simul
259 1175 421 1240 inversum
445 1177 614 1241 contristat
636 1176 797 1261 Aquarius
820 1200 952 1262 annum,

63 1283 92 1326 n
112 1285 248 1347 usquam
270 1264 414 1347 prorepit
437 1269 468 1328 et
491 1264 555 1328 illis
578 1265 681 1329 utitur
703 1269 775 1330 ante

63 1352 176 1416 assitis
199 1351 340 1435 sapiens,
363 1373 434 1416 oum
457 1355 489 1416 te
512 1374 614 1436 neque
636 1353 777 1417 fervidus
800 1357 906 1418 aestus

63 1442 192 1505 moveat
213 1439 303 1504 lucro
326 1462 429 1524 neque
451 1440 591 1525 hiemps,
613 1441 711 1525 ignis,
733 1464 834 1526 mare,
856 1442 991 1528 ferrum,

63 1579 69 1587 .
96 1528 200 1593 obstet
222 1527 297 1611 tibi,
320 1528 396 1592 dum
418 1549 458 1592 ne
481 1529 525 1593 sit
547 1532 579 1592 te
602 1529 699 1593 ditior
722 1529 810 1594 alter.
1036 1547 1070 1596 40

63 1612 101 1678 id
122 1617 223 1700 iuvat,
246 1616 426 1680 inmensum
449 1620 481 1680 te
504 1617 628 1701 argenti
649 1617 774 1701 pondus
797 1621 830 1682 et
852 1619 922 1683 auri

63 1703 140 1768 rtim
164 1704 289 1769 defossa
311 1704 460 1768 timidum
484 1704 640 1788 deponere
662 1705 767 1769 terra?

63 1792 132 1876 uod,
155 1793 183 1856 si
206 1791 405 1871 conminuas,
428 1791 525 1856 vilem
547 1792 711 1877 redigatur
733 1793 773 1856 ad
795 1795 919 1859 assem’

84 1879 115 1943 ni
137 1879 171 1943 id
193 1880 245 1963 fit,
271 1880 348 1963 quid
369 1879 467 1943 habet
489 1878 615 1964 pulchri
638 1884 839 1946 constructus
865 1882 1017 1948 acervus?

63 1962 106 2030 lia
126 1967 280 2032 frumenti
302 1970 359 2031 tua
380 1968 506 2032 triverit
528 1990 601 2032 area
623 1972 763 2033 centum:
1035 1987 1069 2035 45

63 2073 91 2117 n
110 2059 186 2120 tuus
207 2054 270 2120 hoc
293 2055 397 2139 capiet
418 2059 529 2120 venter
550 2056 624 2140 plus
647 2078 683 2120 ac
705 2078 810 2140 meus,
832 2061 883 2140 ut,
905 2057 933 2121 si

63 2142 197 2207 ticulum
219 2143 311 2227 panis
333 2142 461 2208 venales
484 2144 568 2207 inter
590 2148 706 2208 onusto

63 2233 109 2296 rte
130 2231 228 2297 vehas
251 2252 374 2314 umero,
397 2230 498 2296 nihilo
521 2230 594 2314 plus
618 2231 754 2314 accipias
778 2254 873 2315 quam

63 2316 80 2381 i
99 2319 144 2383 nil
166 2319 312 2403 portarit.
353 2317 415 2383 Vel
438 2319 502 2403 dic,
525 2319 602 2402 quid
624 2319 741 2383 referat
763 2320 848 2384 intra

63 2408 155 2472 turae
177 2407 258 2492 fines
281 2407 432 2491 miventi,
455 2407 566 2491 iugera
588 2411 715 2471 centum
738 2429 778 2470 an
1035 2426 1069 2474 50

63 2489 103 2560 lle
125 2495 215 2560 aret?
257 2493 314 2559 ‘At
336 2499 464 2559 suavest
487 2517 526 2559 ex
548 2516 664 2579 magno
688 2494 800 2559 tollere
824 2496 957 2561 acervo?

63 2601 100 2646 m
121 2605 161 2648 ex
183 2605 282 2666 parvo
306 2582 399 2648 nobis
422 2584 611 2647 tantundem
633 2583 761 2647 haurire
783 2582 958 2668 relinquas,

63 2688 81 2733 r
100 2675 155 2735 tua
177 2671 251 2754 plus
272 2670 383 2736 laudes
406 2672 542 2736 cumeris
566 2671 713 2756 granaria
734 2671 876 2736 nostris?

82 2759 141 2823 tibi
164 2759 193 2823 si
215 2760 259 2823 sit
282 2781 362 2843 opus
384 2758 500 2843 hquidi
522 2781 586 2823 non
609 2758 746 2842 amplius
768 2780 850 2822 urna

63 2841 77 2908 l
97 2847 226 2931 cyatho,
249 2852 281 2912 et
304 2848 390 2911 dicas
413 2847 541 2932 ‘magno
565 2847 603 2911 de
625 2846 757 2911 flumine
779 2847 902 2931 malim,
1034 2865 1068 2913 55
1114 2867 1122 2877 ‘

65 2955 115 2998 am
138 2956 178 3000 ex
200 2935 262 3000 hoc
284 2935 440 3000 fonticulo
463 2935 650 2999 tantundem
674 2935 819 2998 sumere?
858 2934 909 2999 Eo
932 2935 1005 3019 fit,·

63 3023 141 3088 enior
163 3026 201 3087 ut
222 3023 332 3107 siquos
356 3022 491 3088 delectet
513 3023 604 3106 copia
626 3023 710 3087 iusto

63 3131 93 3175 m
115 3113 186 3195 ripa
208 3111 305 3176 simul
327 3111 453 3176 avolsos
475 3112 557 3175 ferat
578 3109 715 3175 Aufidus
738 3131 817 3174 acer.

79 3200 134 3284 qui
157 3199 275 3264 tantuli
297 3203 383 3285 eget,
407 3202 559 3283 quantost
582 3221 676 3283 opus,
699 3198 727 3263 is
749 3219 852 3282 neque
874 3197 952 3263 limo

63 3287 186 3352 rbatam
207 3287 317 3353 haurit
339 3310 454 3372 aquam
476 3309 578 3370 neque
601 3287 701 3352 vitam
720 3286 841 3350 amittit
859 3287 892 3350 in
911 3286 1012 3352 undis.
1032 3303 1067 3352 60

77 3375 163 3440 bona
185 3397 259 3460 pars
281 3375 448 3440 hominum
471 3375 603 3457 decepta
625 3374 772 3458 cupidine
794 3373 876 3438 falso

63 3463 77 3527 l
101 3463 180 3527 satis
199 3463 269 3547 est',
291 3464 405 3547 inquit,
428 3463 515 3546 ‘quia
532 3461 615 3525 tanti
634 3465 788 3545 quantum
806 3462 924 3527 habeas
948 3463 1013 3528 sis'

63 3552 93 3618 id
115 3551 215 3617 facias
238 3550 311 3616 illi?
352 3550 465 3616 Iubeas
488 3551 640 3615 miserum
664 3571 745 3635 esse,
766 3548 903 3614 libenter
