2370 4028
492 193 688 250 clamuvn
871 191 1017 267 [xxrmn

220 339 333 404 Multis
356 338 410 403 ille
433 339 525 403 bonis
548 338 664 403 flebilis
688 338 818 423 occidit,

220 429 312 494 Nulli
334 427 472 491 flebilior
495 449 590 511 quam
612 426 686 511 tibi,
709 425 842 512 Vergili.

220 517 269 581 Tu
291 517 412 582 frustra
434 516 506 599 pius
529 514 592 580 heu
614 537 680 579 non
702 515 749 579 iba
771 515 929 580 creditum

268 605 378 670 Poscis
402 602 592 681 Quintilium
616 603 699 667 deos.

221 752 304 830 Quid
327 755 356 818 si
378 753 524 818 Threicio
548 752 696 816 blandius
719 750 848 837 Orpheo

89 854 91 861 ⁴
220 841 374 906 Audibam
396 842 559 907 moderere
582 840 749 904 arboribus
771 840 891 906 fidem?

220 929 309 996 Num
331 951 430 994 vanae
452 930 561 994 redeat
583 928 713 1013 sanguis
736 929 886 1015 imagini,

270 1016 372 1094 Quam
394 1019 486 1102 virga
508 1017 606 1081 semel
627 1016 771 1100 horrida,

220 1167 296 1232 Non
318 1167 399 1230 lenis
421 1166 570 1250 precibus
593 1166 660 1229 faba
681 1166 858 1249 recludere,

220 1255 324 1339 Nigro
347 1254 526 1337 conpulerit
548 1253 726 1319 Mercurius
750 1255 864 1340 gregi?

221 1343 359 1407 Durum:
383 1342 438 1406 sed
459 1343 561 1407 levius
583 1344 622 1407 fit
644 1342 812 1427 patientia,

270 1430 440 1515 Quidquid·
454 1432 643 1516 corrigeresb
665 1431 761 1495 nefas.

513 1679 672 1689 —-—-—-

543 1876 644 1943 XXV.

130 2004 135 2017 '
220 2005 352 2069 Parcius
375 2005 499 2068 iunctas
523 2002 673 2086 quatiunt
693 2001 849 2067 fenestras

221 2092 362 2158 lactibus
387 2092 504 2156 crebris
528 2092 658 2155 iuvenes
681 2091 836 2174 protervi,

221 2181 290 2246 Nec
313 2181 374 2245 bibi
396 2201 525 2245 somnos
548 2178 706 2261 adimunt,
730 2182 878 2262 amabque

265 2268 365 2333 lanua
387 2268 498 2351 limen,

223 2418 309 2495 Quae
332 2418 421 2502 prius
444 2417 581 2480 multum
604 2414 707 2480 facilis
731 2414 881 2479 movebat

224 2505 383 2571 Cardines.
423 2503 526 2568 Audis
548 2504 655 2568 minus
678 2507 710 2567 et
732 2503 838 2567 minus
862 2503 941 2567 iam:

223 2595 365 2659 ‘Metuo
388 2593 501 2677 longas
522 2595 674 2675 pereunte
697 2596 820 2675 norico,

265 2683 380 2767 Lydia,
404 2680 557 2746 dormisP'

223 2830 363 2895 Invicem
385 2829 534 2894 moechos
557 2851 636 2892 anus
659 2831 843 2913 arrogantes

223 2918 331 2983 Flebis
353 2919 388 2983 in
410 2917 479 2982 solo
501 2916 581 2981 levis
605 2918 789 3002 angiportu,

223 3007 359 3070 Thracio
382 3005 556 3070 bacchante
578 3006 681 3089 magis
704 3005 764 3069 sub
787 3005 883 3069 inter·

268 3094 357 3158 lunia
378 3098 487 3178 venio,

228 3242 308 3308 (lum
331 3243 392 3307 tibi
414 3245 553 3327 flagrans
576 3265 666 3306 amor
688 3246 720 3306 eb
742 3243 856 3326 libido,

226 3331 312 3408 Quae
336 3331 417 3395 solet
439 3335 557 3395 matres
579 3331 697 3394 furiare
720 3353 887 3416 equorum,

227 3419 352 3485 Saeviet
375 3419 459 3483 circa
480 3420 567 3483 iecur
589 3419 781 3503 ulcerosum,

251 3506 326 3573 Non
349 3507 418 3572 sine
442 3511 570 3591 questu,
