2370 4028
95 220 159 285 124
510 219 659 276 monor
974 223 1040 298 [vm

180 363 232 427 Ad
254 363 315 428 hoc
337 363 509 428 frementes
531 367 696 429 verterunt
720 364 775 430 bis
800 367 903 433 mille
926 390 1017 454 equos

226 450 324 537 Galli,
346 456 494 516 canentes
517 450 697 537 Caesarem,

180 538 420 623 Hostiliumque
442 540 572 604 navium
595 542 708 624 †portu
732 540 849 609 latent

93 644 127 692 20
225 627 352 712 Puppes
376 628 596 692 sinistrorsum
619 628 709 692 citae.

180 714 216 781 Io
239 714 427 800 Triumphe,
450 720 486 781 tu
508 716 643 781 moraris
666 738 783 782 aureos

225 802 344 868 Currus
369 807 401 867 et
423 804 559 868 intactas
580 804 701 869 boves?

180 890 217 956 Io
239 890 427 976 Triumphe,
449 913 508 956 nec
529 891 740 976 †Iugurthino
763 915 889 978 parem

222 978 314 1045 Bello
337 981 509 1063 reportasti
531 980 643 1045 ducem

92 1083 126 1132 25
180 1066 293 1151 Neque
315 1065 517 1152 Africanum,
540 1069 592 1132 cui
614 1089 710 1151 super
732 1065 977 1157 Carthaginem

223 1153 338 1219 Virtus
361 1155 542 1239 sepulcrum
565 1155 715 1221 condidit.

180 1242 278 1308 Terra
300 1244 444 1328 marique
466 1244 570 1308 victus
591 1243 695 1309 hostis
717 1244 844 1328 punico

222 1330 374 1416 Lugubre
396 1333 533 1396 mutavit
555 1353 676 1417 sagum.
1003 1356 1007 1363 ·

180 1417 248 1483 Aut
270 1419 324 1484 ille
347 1423 474 1484 centum
496 1420 637 1485 nobilem
660 1419 791 1485 Cretam
814 1424 977 1511 urbibus,

92 1522 126 1570 30
224 1506 338 1572 Ventis
361 1509 465 1572 iturus
487 1530 553 1572 non
575 1509 656 1591 suis,

178 1594 379 1660 Exercitatas
403 1600 459 1660 aut
480 1597 563 1680 petit
586 1594 695 1680 Syrtes
718 1600 814 1682 noto,

222 1683 291 1747 Aut
312 1683 415 1748 fertur
437 1685 558 1749 incerto
581 1685 674 1748 mari:

181 1769 367 1854 capaciores
391 1772 480 1837 adfer
501 1772 577 1856 huc,
599 1794 691 1856 puer,
714 1772 862 1857 scyphos

221 1858 267 1922 Et
290 1857 370 1923 Chia
391 1860 466 1923 vina
488 1864 544 1924 aut
563 1859 694 1945 Lesbia,

91 1961 125 2010 35
179 1945 241 2011 Vel
264 1948 350 2031 quod
371 1949 523 2013 fluentem
545 1970 696 2013 nauseam
719 1947 898 2018 coherceat

222 2034 336 2100 Metire
359 2036 452 2100 nobis
476 2034 663 2101 Caecubum.

180 2121 296 2188 Curam
318 2128 503 2208 metumque
526 2123 669 2190 Caesaris
691 2145 800 2189 rerum
825 2126 927 2196 iuvat

222 2210 318 2274 Dulci
340 2211 447 2295 Lyaeo
470 2212 600 2277 solvere.

575 2615 614 2681 X.

221 2738 307 2804 Mala
329 2738 435 2804 soluta
456 2738 547 2802 navis
571 2739 637 2803 exit
660 2738 750 2825 alite,

264 2826 382 2891 Ferens
406 2827 544 2891 olentem
566 2825 736 2892 Maevium.

221 2914 268 2979 Vt
289 2915 428 2980 horridis
451 2919 623 2998 utrumque
645 2915 791 2980 verberes
815 2915 925 3007 latus,

264 3002 396 3087 Auster,
419 3005 579 3066 memento
601 3004 761 3069 fluctibus.

220 3090 323 3175 Niger
345 3091 494 3155 rudentes
516 3089 624 3155 Eurus
648 3093 774 3158 inverso
796 3096 883 3160 mari

263 3178 458 3264 Fractosque
480 3200 585 3242 remos
609 3179 747 3265 differat,

220 3264 371 3352 Insurgat
392 3266 526 3351 Aquilo,
549 3271 687 3351 quantus
711 3269 784 3333 altis
808 3275 987 3343 montibus

263 3353 398 3440 Frangit
420 3359 591 3420 trementes
615 3355 712 3422 ilices.

219 3441 288 3508 Nec
310 3443 399 3507 sidus
422 3447 491 3507 atra
512 3447 605 3507 nocte
629 3445 765 3509 amicum
789 3444 967 3538 adpareat,

88 3547 121 3595 10
264 3529 334 3607 Qua
356 3531 458 3594 tristis
483 3529 582 3595 Orion
604 3532 701 3617 cadit3
