2370 4028
482 483 586 551 nvn.
623 571 627 578 .

189 616 253 681 Cur
275 639 326 682 me
350 616 500 701 querellis
523 617 686 682 exanimas
709 617 796 684 tuis?

186 704 256 771 Nec
279 705 328 769 dis
351 705 522 770 amicumst
543 729 602 770 nec
624 705 705 770 mihi
727 711 760 772 te
782 708 871 791 prius

233 792 343 878 Obire,
365 792 546 878 Maecenas,
568 816 712 859 mearum

278 881 404 947 Grande
427 881 523 946 decus
547 882 755 968 columenque
778 905 893 948 rerum.

185 1057 233 1144 A,
256 1062 287 1122 te
309 1079 398 1122 meae
421 1058 450 1121 si
472 1060 597 1141 partem
620 1058 743 1123 animae
766 1060 852 1143 rapit

186 1146 346 1211 Maturior
367 1145 432 1230 vis,
456 1146 534 1230 quid
555 1167 664 1210 moror
686 1146 802 1232 altera,

230 1234 299 1301 Nec
322 1255 414 1298 carus
438 1255 537 1317 aeque
560 1255 619 1299 nec
642 1239 803 1319 superstes

275 1321 425 1406 Integer?
465 1321 525 1387 Ille
549 1322 616 1386 dies
639 1326 808 1408 utramque

184 1499 290 1564 Ducet
312 1497 447 1562 ruinam.
487 1496 562 1563 Non
586 1519 645 1584 ego
668 1499 826 1583 perfidum

186 1587 265 1652 Dixi
287 1589 533 1650 sacramentum:
556 1586 688 1670 ibimus,
710 1587 843 1673 ibimus,

231 1673 414 1759 Vtcumque
436 1675 617 1759 praecedes,
640 1697 825 1760 supremum

278 1762 414 1847 Carpere
436 1764 498 1828 iter
520 1764 652 1828 comites
675 1766 788 1849 parati.
813 1844 817 1849 ¹

186 1939 240 2005 Me
262 1961 320 2004 nec
344 1937 527 2003 Chimaerae
551 1939 684 2022 spiritus
707 1939 819 2026 igneae

185 2027 268 2112 Nec,
292 2027 320 2091 si
342 2031 502 2111 resurgat,
525 2028 723 2093 centimanus
748 2027 834 2113 Gyas

229 2114 373 2180 Divellet
394 2136 560 2199 umquam:
583 2116 629 2180 sic
651 2117 777 2200 potenti

275 2203 422 2269 Iustitiae
444 2204 662 2287 placitumque
683 2205 801 2270 Parcis.

186 2380 251 2448 Seu
272 2379 370 2445 Libra
393 2401 449 2445 seu
471 2401 522 2444 me
546 2378 696 2464 Scorpios
719 2382 856 2467 adspicit

185 2467 427 2535 Formidolosus
449 2482 532 2551 pars
546 2468 717 2534 violentior

229 2556 357 2623 Natalis
379 2555 477 2620 horae
500 2578 556 2620 seu
579 2560 735 2639 tyrannus

274 2643 449 2729 Hesperiae
474 2643 684 2729 Capricornus
707 2645 823 2731 undae,

186 2821 368 2905 Vtrumque
390 2824 537 2885 nostrum
560 2821 740 2886 incredibili
761 2822 857 2896 modo

186 2909 355 2975 Consentit
377 2912 508 2973 astrum.
549 2909 593 2974 Te
616 2907 702 2974 Iovis
726 2909 814 2994 inpio

231 2996 346 3062 Tutela
369 2996 507 3062 Saturno
530 2997 694 3082 refulgens

273 3085 405 3170 Eripuit
427 3085 629 3170 volucrisque
650 3085 724 3150 Fati
852 3120 854 3125 >

184 3261 338 3327 'I‘ardavit
361 3263 440 3347 alas,
464 3284 535 3327 cum
558 3261 697 3346 populus
719 3263 870 3348 frequens

184 3350 319 3416 laetum
342 3351 476 3416 theatris
499 3355 549 3416 ter
571 3350 696 3435 crepuit
718 3373 846 3438 sonum,

229 3439 282 3505 Me
304 3444 437 3505 truncus
459 3439 602 3523 inlapsus
626 3439 754 3505 cerebro

275 3526 467 3613 Sustulerat,
489 3528 552 3592 nisi
573 3527 704 3594 Faunus
727 3529 828 3594 ictum

74 3644 208 3686 nomm
856 3639 873 3687 4
