2370 4028
54 240 101 316 a]
374 240 655 298 arononaraaa.

94 384 236 450 Pecusve
260 383 404 449 Calabris
427 388 501 449 ante
524 385 612 451 sidus
634 387 792 453 fervidum

138 473 267 538 Lucana
288 477 392 537 mutet
413 473 554 558 pascuis,

92 560 207 645 Neque
230 565 267 626 ut
289 561 418 645 superni
440 560 519 625 villa
541 562 677 627 candens
699 562 830 629 Tusculi

140 648 269 715 Circaea
290 653 402 734 tangat
423 650 558 714 moenia.
976 669 1010 718 so

96 735 181 803 Satis
204 759 361 821 superque
383 759 435 801 me
457 737 638 823 benignitas
661 743 718 804 tua
783 801 789 816 ,

137 825 275 890 Ditavit:
297 825 384 890 haud
406 847 571 910 paravero,

95 912 187 991 Quod
210 917 265 978 aut
288 935 402 978 avarus
424 917 462 978 ut
484 912 634 979 Chremes
657 918 743 979 terra
763 936 920 999 premam,

137 1002 321 1066 Discinctns
345 1005 401 1066 aut
423 1002 553 1085 perdam
575 1023 682 1086 nepos.

489 1403 530 1469 11.

138 1529 267 1594 ‘Beatus
290 1528 345 1593 ille
368 1528 424 1612 qui
446 1527 558 1612 procul
580 1529 732 1613 negotiis,

182 1616 228 1681 Vt
249 1617 355 1701 prisca
376 1636 456 1701 gens
477 1616 675 1700 mortalium,

137 1705 275 1770 Paterna
296 1726 372 1768 rura
393 1704 497 1769 bobus
519 1709 645 1770 exercet
666 1705 734 1769 suis

182 1792 313 1858 Solutus
336 1792 423 1856 omni
444 1792 567 1876 fenqre,

135 1880 249 1965 Neque
271 1881 429 1946 excitetur
451 1878 583 1946 classico
605 1879 698 1945 miles
720 1881 817 1966 truci,
990 1899 1006 1947 e

180 1968 293 2052 Neque
315 1967 425 2033 horret
447 1968 564 2033 iratum
586 1990 687 2052 maro,

135 2056 318 2141 Forumque
340 2056 422 2120 vitat
444 2060 477 2121 et
498 2056 635 2140 superba
657 2057 774 2121 civium

180 2144 402 2210 Potentiorum
424 2143 544 2208 limina.

134 2232 224 2318 Ergo
248 2236 304 2297 aut
326 2231 435 2296 adulta
456 2232 570 2296 vitium
592 2233 767 2318 propagine

179 2320 273 2386 Altus
295 2320 425 2384 maritat
445 2319 596 2404 populos,
972 2337 1005 2386 10

135 2408 222 2473 mue
243 2409 278 2473 in
299 2408 429 2473 reducta
450 2407 532 2472 valle
554 2407 767 2492 mugientium

179 2496 367 2581 Prospectat
388 2501 530 2561 ementes
552 2516 679 2580 greges,

135 2583 333 2668 Inutilesque
354 2583 435 2648 falce
457 2606 563 2649 ramos
586 2587 755 2667 amputans

179 2671 350 2738 Feliciores
372 2672 498 2756 inserit,

135 2760 204 2826 Aut
225 2782 335 2845 pressa
355 2761 445 2844 puris
466 2758 563 2823 mella
585 2759 693 2823 condit
716 2757 891 2843 amphoris,
971 2775 1004 2823 15

178 2849 248 2914 Aut
269 2849 381 2912 tondet
403 2847 545 2912 infirmas
569 2869 657 2932 oves3

135 2935 198 3002 Vel
220 2958 293 3002 cum
316 2937 465 3001 decorum
487 2935 620 2999 mitibus
642 2935 746 3019 pomis
770 2938 866 3018 caput

179 3024 364 3106 Autumnus
388 3023 474 3108 agris
497 3022 626 3106 extulit,

133 3111 181 3178 Vt
203 3113 322 3198 gaudet
343 3112 473 3176 insitiva
495 3111 665 3194 decerpens
687 3110 758 3193 pira

180 3200 361 3266 Certantem
384 3204 417 3265 et
438 3221 533 3263 uvam
555 3219 728 3282 purpurae,
970 3214 1004 3262 ao

135 3287 206 3366 Qua
226 3293 411 3354 muneretur
433 3291 478 3371 tc,
500 3286 628 3370 Priape,
651 3290 684 3351 et
706 3290 751 3369 te,
774 3289 865 3369 pater

180 3375 320 3461 Silvano,
343 3381 432 3442 tutor
452 3375 574 3440 finium.

131 3463 229 3531 Libet
250 3467 350 3531 iacere
373 3464 468 3529 modo
492 3464 551 3528 sub
575 3462 706 3546 antiqua
728 3461 813 3547 ilice,

177 3552 275 3619 Modo
297 3554 331 3617 in
354 3553 457 3617 tenaci
481 3551 632 3638 gramine.

810 3653 845 3706 8·
