2370 4028
332 240 440 294 LIBER
457 241 477 296 Ι.
845 243 906 306 143

73 406 220 470 gnomen,
242 384 356 468 pingui
380 384 499 448 damus.
540 383 603 449 Hic
625 385 711 469 fugit
733 408 843 450 omnes
939 419 940 423 ¹

73 473 206 556 rullique
229 473 314 537 malo
335 473 421 537 latus
444 471 534 536 obdit
557 477 715 557 apertum,

73 583 108 625 us
130 560 192 625 hoc
214 561 405 625 interritae
427 582 603 646 versemur,
626 561 681 625 ubi
705 562 786 626 acris
926 578 960 627 60

73 653 146 732 tque
168 649 280 733 vigent
302 649 359 712 ubi
382 648 527 712 crimina:
549 671 608 733 pro
631 649 711 713 bene
734 671 811 714 sano

72 741 188 801 ncauto
211 737 323 801 fiotum
346 740 551 820 astutumque
573 759 732 801 vocamus.

73 849 88 888 r
110 825 182 908 quis
205 828 321 908 otest,
346 824 472 908 qualem
494 846 545 888 me
569 847 661 909 saepe
684 825 838 890 †libenter

73 936 84 976 1
107 913 181 997 tibi,
203 912 383 996 Maecenas,
406 916 443 976 ut
464 912 548 976 forte
569 913 728 998 legentem

72 1023 127 1065 um
150 1000 283 1084 inpellat
306 1000 419 1084 quovis
442 1023 600 1065 sermone:
623 1001 789 1066 ‘molestus
925 1018 959 1067 65

97 1111 191 1152 sensu
213 1088 308 1172 plane
330 1088 428 1153 caret'
450 1089 621 1172 inquimus.
661 1089 768 1174 Eheu,

73 1199 147 1241 nere
170 1177 205 1240 in
226 1181 353 1242 nosmet
374 1177 478 1261 legem
501 1177 660 1241 sancimus
683 1178 834 1261 iniquam.

73 1267 99 1329 is
122 1286 215 1328 nemo
239 1265 307 1330 sine
329 1265 484 1349 nascitur;
507 1265 647 1349 optimus
670 1266 770 1350 illest,

73 1353 132 1416 mis
155 1357 318 1438 urguetur.
359 1351 491 1417 Amicus
514 1353 629 1437 dulcis,
651 1357 689 1417 ut
712 1357 893 1438 aequumst,

73 1470 78 1505 t
101 1445 273 1524 conpensat
295 1441 383 1505 vitiis
406 1442 502 1525 bona,
525 1441 671 1525 pluribus
693 1441 793 1526 hisce,
925 1458 964 1507 ur

80 1529 174 1613 plura
195 1529 276 1593 mihi
298 1530 382 1594 bona
405 1534 493 1613 sunt,
515 1529 655 1594 inclinet.
695 1529 813 1595 Amare

73 1617 131 1681 hac
152 1616 236 1702 lege,
259 1618 293 1681 in
316 1618 438 1682 trutina
459 1621 596 1700 ponetur
618 1618 735 1682 eadem.

73 1706 232 1770 zuberibus
255 1706 394 1789 propriis
417 1705 557 1770 offendat
579 1706 729 1790 amicum,

87 1795 232 1878 ignoscet
253 1794 394 1857 verrucis
418 1793 518 1857 illius:
542 1798 710 1877 aequumst

73 1882 194 1946 veniam
216 1885 400 1965 poscentem
422 1881 552 1945 reddere
574 1904 693 1946 rursus.

87 1973 243 2053 quatenus
267 1969 369 2033 excidi
391 1970 518 2053 ponitus
540 1969 656 2034 vitium
679 1970 758 2053 irae,

73 2080 116 2121 em
138 2061 301 2141 nequeunt
323 2056 431 2122 stultis
454 2057 630 2141 haerentia,
653 2079 708 2121 cur
731 2064 795 2121 non

73 2168 101 2209 rs
124 2145 325 2229 modulisque
349 2145 415 2209 suis
438 2146 519 2209 ratio
543 2147 659 2230 utitur,
682 2168 718 2210 ac
740 2168 790 2211 res

73 2237 161 2317 uest,
184 2233 230 2296 ita
252 2232 417 2317 suppliciis
441 2233 556 2297 delicta
579 2233 745 2298 cohercet?

73 2344 108 2384 m
132 2343 272 2404 servum,
295 2321 436 2404 patinam
461 2321 516 2404 qui
539 2322 651 2386 tollere
674 2322 779 2386 iussus

73 2410 176 2493 pisces
200 2409 406 2492 tepidumque
428 2408 605 2493 ligurrierit
627 2409 691 2493 ina,

79 2497 224 2582 suffigat,
246 2496 394 2561 Labeone
416 2497 558 2561 insanior
580 2497 663 2561 inter

73 2589 160 2649 catur.
202 2585 327 2661 Quanto
349 2584 411 2650 hoc
433 2585 585 2649 furiosius
609 2589 704 2668 atque

73 2677 240 2738 ccatumst:
263 2673 394 2757 paulum
418 2673 552 2756 deliquit
575 2673 707 2756 amicus,

73 2762 81 2825 i
104 2762 270 2845 concedas,
291 2761 427 2826 habeare
450 2761 605 2845 insuavis,
628 2762 772 2826 acerbus:

85 2850 171 2933 fugis
194 2854 231 2913 ut
252 2848 415 2914 Rusonem
439 2850 563 2913 debitor
586 2849 680 2933 aeria,

87 2960 159 3002 oum
182 2938 291 3001 tristes
313 2938 430 3002 misero
452 2960 565 3002 venere
588 2937 754 3020 kalendae,

73 3049 81 3088 ι
104 3029 160 3090 aut
181 3047 329 3090 nummos
352 3025 435 3090 unde
458 3026 541 3090 unde
564 3026 711 3109 extricat,
734 3048 857 3090 amaras

77 3113 188 3198 iugulo
210 3113 362 3178 historias
386 3115 530 3197 captivus
553 3117 591 3177 ut
613 3114 710 3177 audit.

74 3206 88 3265 t
109 3202 227 3265 lectum
249 3205 345 3284 potus
368 3224 515 3266 mensave
539 3201 681 3266 catillum
709 3208 713 3215 “

73 3290 215 3354 manibus
238 3290 351 3353 tritum
375 3290 501 3354 deiecit:
525 3290 565 3354 ob
587 3290 670 3354 hanc
692 3312 773 3373 rem,

73 3401 134 3442 um
157 3381 229 3442 ante
252 3400 323 3441 mea
347 3379 421 3462 quia
442 3378 567 3462 pullum
590 3378 624 3442 in
646 3382 736 3462 parte
760 3378 856 3442 catini

73 3467 219 3550 esuriens,
241 3466 348 3530 minus
371 3466 431 3531 hoc
453 3466 610 3530 iucundus
633 3467 753 3531 amicus

73 3563 75 3587 '
118 3555 201 3631 Quid
223 3554 351 3639 faciam,
374 3556 402 3620 si
424 3555 545 3619 furtum
568 3555 680 3619 fecerit
702 3558 757 3619 aut
779 3555 807 3618 si
