<?xml version="1.0" encoding="UTF-8"?>
<!DOCTYPE html PUBLIC "-//W3C//DTD XHTML 1.0 Transitional//EN"
    "http://www.w3.org/TR/xhtml1/DTD/xhtml1-transitional.dtd">
<html xmlns="http://www.w3.org/1999/xhtml" xml:lang="en" lang="en">
 <head>
  <title>
</title>
<meta http-equiv="Content-Type" content="text/html;charset=utf-8" />
  <meta name='ocr-system' content='tesseract 3.04.00' />
  <meta name='ocr-capabilities' content='ocr_page ocr_carea ocr_par ocr_line ocrx_word'/>
</head>
<body>
  <div class='ocr_page' id='page_1' title='image "./qhoratiusflacci01horagoog_0091.png"; bbox 0 0 2370 4028; ppageno 0'>
   <div class='ocr_carea' id='block_1_1' title="bbox 494 194 1018 269">
    <p class='ocr_par' dir='ltr' id='par_1_1' title="bbox 494 194 1018 269">
     <span class='ocr_line' id='line_1_1' title="bbox 494 194 1018 269; baseline 0.006 -20"><span class='ocrx_word' id='word_1_1' title='bbox 494 194 690 249; x_wconf 77' lang='lat' dir='ltr'><strong>cananum</strong></span> <span class='ocrx_word' id='word_1_2' title='bbox 841 196 973 269; x_wconf 84' lang='lat' dir='ltr'><strong>[xxxv.</strong></span> <span class='ocrx_word' id='word_1_3' title='bbox 986 196 1018 252; x_wconf 79' lang='lat' dir='ltr'><strong>ru</strong></span> 
     </span>
    </p>
   </div>
   <div class='ocr_carea' id='block_1_2' title="bbox 221 337 982 688">
    <p class='ocr_par' dir='ltr' id='par_1_2' title="bbox 221 337 982 688">
     <span class='ocr_line' id='line_1_2' title="bbox 221 337 858 425; baseline 0.005 -24"><span class='ocrx_word' id='word_1_4' title='bbox 221 337 266 402; x_wconf 82' lang='lat' dir='ltr'><strong>Te</strong></span> <span class='ocrx_word' id='word_1_5' title='bbox 289 359 415 421; x_wconf 83' lang='lat' dir='ltr'><strong>semper</strong></span> <span class='ocrx_word' id='word_1_6' title='bbox 437 338 520 402; x_wconf 89' lang='lat' dir='ltr'><strong>antit</strong></span> <span class='ocrx_word' id='word_1_7' title='bbox 543 360 635 402; x_wconf 87' lang='lat' dir='ltr'><strong>serva</strong></span> <span class='ocrx_word' id='word_1_8' title='bbox 655 337 858 425; x_wconf 75' lang='lat' dir='ltr'><strong>Necessitas,</strong></span> 
     </span>
     <span class='ocr_line' id='line_1_3' title="bbox 222 425 814 492; baseline 0 -1"><span class='ocrx_word' id='word_1_9' title='bbox 222 425 336 492; x_wconf 77' lang='lat' dir='ltr'><strong>Claros</strong></span> <span class='ocrx_word' id='word_1_10' title='bbox 359 426 498 491; x_wconf 77' lang='lat' dir='ltr'>trabales</span> <span class='ocrx_word' id='word_1_11' title='bbox 521 430 553 491; x_wconf 91' lang='lat' dir='ltr'><strong>et</strong></span> <span class='ocrx_word' id='word_1_12' title='bbox 576 448 692 491; x_wconf 88' lang='lat' dir='ltr'><strong>cuneos</strong></span> <span class='ocrx_word' id='word_1_13' title='bbox 714 448 814 492; x_wconf 92' lang='lat' dir='ltr'><strong>manu</strong></span> 
     </span>
     <span class='ocr_line' id='line_1_4' title="bbox 265 514 770 599; baseline 0 -19"><span class='ocrx_word' id='word_1_14' title='bbox 265 514 402 580; x_wconf 77' lang='lat' dir='ltr'><strong>Gestaris</strong></span> <span class='ocrx_word' id='word_1_15' title='bbox 425 514 538 599; x_wconf 79' lang='lat' dir='ltr'><strong>eirena,</strong></span> <span class='ocrx_word' id='word_1_16' title='bbox 561 536 619 579; x_wconf 91' lang='lat' dir='ltr'><strong>nec</strong></span> <span class='ocrx_word' id='word_1_17' title='bbox 642 536 770 580; x_wconf 86' lang='lat' dir='ltr'><strong>severus</strong></span> 
     </span>
     <span class='ocr_line' id='line_1_5' title="bbox 308 602 982 688; baseline 0.003 -20"><span class='ocrx_word' id='word_1_18' title='bbox 308 602 419 668; x_wconf 84' lang='lat' dir='ltr'><strong>Vncus</strong></span> <span class='ocrx_word' id='word_1_19' title='bbox 442 604 532 668; x_wconf 87' lang='lat' dir='ltr'><strong>abest</strong></span> <span class='ocrx_word' id='word_1_20' title='bbox 553 603 775 687; x_wconf 91' lang='lat' dir='ltr'><strong>liquidumque</strong></span> <span class='ocrx_word' id='word_1_21' title='bbox 795 603 982 688; x_wconf 75' lang='lat' dir='ltr'><strong>plumbum</strong></span> 
     </span>
    </p>
   </div>
   <div class='ocr_carea' id='block_1_3' title="bbox 220 751 933 1102">
    <p class='ocr_par' dir='ltr' id='par_1_3' title="bbox 220 751 933 1102">
     <span class='ocr_line' id='line_1_6' title="bbox 220 751 836 837; baseline -0.002 -20"><span class='ocrx_word' id='word_1_22' title='bbox 220 753 265 818; x_wconf 82' lang='lat' dir='ltr'><strong>Te</strong></span> <span class='ocrx_word' id='word_1_23' title='bbox 289 752 369 837; x_wconf 85' lang='lat' dir='ltr'>Spes</span> <span class='ocrx_word' id='word_1_24' title='bbox 393 757 426 817; x_wconf 92' lang='lat' dir='ltr'><strong>et</strong></span> <span class='ocrx_word' id='word_1_25' title='bbox 448 752 521 817; x_wconf 85' lang='lat' dir='ltr'><strong>albo</strong></span> <span class='ocrx_word' id='word_1_26' title='bbox 544 775 616 817; x_wconf 86' lang='lat' dir='ltr'><strong>rara</strong></span> <span class='ocrx_word' id='word_1_27' title='bbox 637 751 732 817; x_wconf 80' lang='lat' dir='ltr'>Fides</span> <span class='ocrx_word' id='word_1_28' title='bbox 755 752 836 817; x_wconf 89' lang='lat' dir='ltr'><strong>colit</strong></span> 
     </span>
     <span class='ocr_line' id='line_1_7' title="bbox 220 840 933 927; baseline 0 -21"><span class='ocrx_word' id='word_1_29' title='bbox 220 841 337 907; x_wconf 88' lang='lat' dir='ltr'><strong>Velata</strong></span> <span class='ocrx_word' id='word_1_30' title='bbox 358 863 477 926; x_wconf 89' lang='lat' dir='ltr'><strong>panno,</strong></span> <span class='ocrx_word' id='word_1_31' title='bbox 499 843 577 905; x_wconf 83' lang='lat' dir='ltr'><strong>†nec</strong></span> <span class='ocrx_word' id='word_1_32' title='bbox 599 841 748 906; x_wconf 91' lang='lat' dir='ltr'><strong>comitem</strong></span> <span class='ocrx_word' id='word_1_33' title='bbox 772 840 933 927; x_wconf 76' lang='lat' dir='ltr'>abnegat,</span> 
     </span>
     <span class='ocr_line' id='line_1_8' title="bbox 264 929 760 1013; baseline -0.002 -20"><span class='ocrx_word' id='word_1_34' title='bbox 264 929 446 1013; x_wconf 76' lang='lat' dir='ltr'><strong>Vtcumque</strong></span> <span class='ocrx_word' id='word_1_35' title='bbox 468 933 592 994; x_wconf 85' lang='lat' dir='ltr'><strong>mutata</strong></span> <span class='ocrx_word' id='word_1_36' title='bbox 613 932 760 1013; x_wconf 89' lang='lat' dir='ltr'><strong>potentes</strong></span> 
     </span>
     <span class='ocr_line' id='line_1_9' title="bbox 308 1015 846 1102; baseline 0 -20"><span class='ocrx_word' id='word_1_37' title='bbox 308 1015 407 1082; x_wconf 87' lang='lat' dir='ltr'><strong>Veste</strong></span> <span class='ocrx_word' id='word_1_38' title='bbox 431 1018 541 1082; x_wconf 88' lang='lat' dir='ltr'><strong>domos</strong></span> <span class='ocrx_word' id='word_1_39' title='bbox 564 1017 694 1083; x_wconf 89' lang='lat' dir='ltr'><strong>inimica</strong></span> <span class='ocrx_word' id='word_1_40' title='bbox 715 1017 846 1102; x_wconf 88' lang='lat' dir='ltr'><strong>linquis.</strong></span> 
     </span>
    </p>
   </div>
   <div class='ocr_carea' id='block_1_4' title="bbox 220 1165 903 1516">
    <p class='ocr_par' dir='ltr' id='par_1_4' title="bbox 220 1165 903 1516">
     <span class='ocr_line' id='line_1_10' title="bbox 221 1165 903 1252; baseline 0.006 -23"><span class='ocrx_word' id='word_1_41' title='bbox 221 1165 268 1230; x_wconf 88' lang='lat' dir='ltr'><strong>At</strong></span> <span class='ocrx_word' id='word_1_42' title='bbox 289 1166 405 1252; x_wconf 79' lang='lat' dir='ltr'><strong>volgus</strong></span> <span class='ocrx_word' id='word_1_43' title='bbox 428 1167 562 1232; x_wconf 90' lang='lat' dir='ltr'><strong>infidum</strong></span> <span class='ocrx_word' id='word_1_44' title='bbox 585 1171 617 1231; x_wconf 92' lang='lat' dir='ltr'><strong>et</strong></span> <span class='ocrx_word' id='word_1_45' title='bbox 639 1167 790 1232; x_wconf 75' lang='lat' dir='ltr'><strong>meretrix</strong></span> <span class='ocrx_word' id='word_1_46' title='bbox 812 1171 903 1233; x_wconf 86' lang='lat' dir='ltr'><strong>retro</strong></span> 
     </span>
     <span class='ocr_line' id='line_1_11' title="bbox 220 1253 777 1339; baseline 0.004 -21"><span class='ocrx_word' id='word_1_47' title='bbox 220 1253 353 1319; x_wconf 87' lang='lat' dir='ltr'><strong>Periura</strong></span> <span class='ocrx_word' id='word_1_48' title='bbox 376 1255 472 1339; x_wconf 86' lang='lat' dir='ltr'><strong>cedit,</strong></span> <span class='ocrx_word' id='word_1_49' title='bbox 496 1256 670 1339; x_wconf 80' lang='lat' dir='ltr'><strong>diffugiunt</strong></span> <span class='ocrx_word' id='word_1_50' title='bbox 692 1255 777 1320; x_wconf 82' lang='lat' dir='ltr'><strong>cadis</strong></span> 
     </span>
     <span class='ocr_line' id='line_1_12' title="bbox 266 1341 733 1428; baseline 0.004 -21"><span class='ocrx_word' id='word_1_51' title='bbox 266 1341 346 1407; x_wconf 73' lang='lat' dir='ltr'><strong>(ium</strong></span> <span class='ocrx_word' id='word_1_52' title='bbox 368 1343 455 1408; x_wconf 90' lang='lat' dir='ltr'><strong>faece</strong></span> <span class='ocrx_word' id='word_1_53' title='bbox 478 1345 603 1408; x_wconf 80' lang='lat' dir='ltr'><strong>siccatis</strong></span> <span class='ocrx_word' id='word_1_54' title='bbox 627 1343 733 1428; x_wconf 88' lang='lat' dir='ltr'><strong>amici,</strong></span> 
     </span>
     <span class='ocr_line' id='line_1_13' title="bbox 306 1431 811 1516; baseline 0.002 -21"><span class='ocrx_word' id='word_1_55' title='bbox 306 1431 404 1497; x_wconf 85' lang='lat' dir='ltr'><strong>Ferre</strong></span> <span class='ocrx_word' id='word_1_56' title='bbox 426 1432 538 1516; x_wconf 85' lang='lat' dir='ltr'><strong>iugum</strong></span> <span class='ocrx_word' id='word_1_57' title='bbox 559 1432 679 1516; x_wconf 85' lang='lat' dir='ltr'><strong>pariter</strong></span> <span class='ocrx_word' id='word_1_58' title='bbox 701 1431 811 1496; x_wconf 91' lang='lat' dir='ltr'><strong>dolosi.</strong></span> 
     </span>
    </p>
   </div>
   <div class='ocr_carea' id='block_1_5' title="bbox 221 1579 879 1929">
    <p class='ocr_par' dir='ltr' id='par_1_5' title="bbox 221 1579 879 1929">
     <span class='ocr_line' id='line_1_14' title="bbox 221 1579 879 1646; baseline 0 0"><span class='ocrx_word' id='word_1_59' title='bbox 221 1579 335 1646; x_wconf 83' lang='lat' dir='ltr'><strong>Serves</strong></span> <span class='ocrx_word' id='word_1_60' title='bbox 357 1581 478 1646; x_wconf 88' lang='lat' dir='ltr'><strong>iturum</strong></span> <span class='ocrx_word' id='word_1_61' title='bbox 502 1579 668 1645; x_wconf 80' lang='lat' dir='ltr'><strong>Caesarem</strong></span> <span class='ocrx_word' id='word_1_62' title='bbox 690 1581 724 1645; x_wconf 92' lang='lat' dir='ltr'><strong>in</strong></span> <span class='ocrx_word' id='word_1_63' title='bbox 746 1579 879 1646; x_wconf 90' lang='lat' dir='ltr'><strong>ultimos</strong></span> 
     </span>
     <span class='ocr_line' id='line_1_15' title="bbox 222 1667 873 1734; baseline 0.002 -1"><span class='ocrx_word' id='word_1_64' title='bbox 222 1667 317 1734; x_wconf 87' lang='lat' dir='ltr'><strong>Orbis</strong></span> <span class='ocrx_word' id='word_1_65' title='bbox 338 1668 512 1733; x_wconf 84' lang='lat' dir='ltr'><strong>Britannos</strong></span> <span class='ocrx_word' id='word_1_66' title='bbox 535 1672 567 1733; x_wconf 90' lang='lat' dir='ltr'><strong>et</strong></span> <span class='ocrx_word' id='word_1_67' title='bbox 589 1669 740 1732; x_wconf 84' lang='lat' dir='ltr'><strong>iuvenum</strong></span> <span class='ocrx_word' id='word_1_68' title='bbox 762 1690 873 1734; x_wconf 87' lang='lat' dir='ltr'><strong>recens</strong></span> 
     </span>
     <span class='ocr_line' id='line_1_16' title="bbox 263 1756 721 1841; baseline 0 -19"><span class='ocrx_word' id='word_1_69' title='bbox 263 1757 421 1841; x_wconf 81' lang='lat' dir='ltr'><strong>Examen,</strong></span> <span class='ocrx_word' id='word_1_70' title='bbox 442 1756 522 1821; x_wconf 80' lang='lat' dir='ltr'><strong>Eois</strong></span> <span class='ocrx_word' id='word_1_71' title='bbox 544 1757 721 1822; x_wconf 91' lang='lat' dir='ltr'><strong>timendum</strong></span> 
     </span>
     <span class='ocr_line' id='line_1_17' title="bbox 307 1843 796 1929; baseline -0.002 -20"><span class='ocrx_word' id='word_1_72' title='bbox 307 1844 458 1910; x_wconf 86' lang='lat' dir='ltr'><strong>Partibus</strong></span> <span class='ocrx_word' id='word_1_73' title='bbox 481 1843 669 1929; x_wconf 78' lang='lat' dir='ltr'><strong>Oceanoque</strong></span> <span class='ocrx_word' id='word_1_74' title='bbox 691 1844 796 1909; x_wconf 81' lang='lat' dir='ltr'><strong>rubra.</strong></span> 
     </span>
    </p>
   </div>
   <div class='ocr_carea' id='block_1_6' title="bbox 219 1992 949 2342">
    <p class='ocr_par' dir='ltr' id='par_1_6' title="bbox 219 1992 949 2342">
     <span class='ocr_line' id='line_1_18' title="bbox 219 1992 858 2078; baseline 0 -20"><span class='ocrx_word' id='word_1_75' title='bbox 219 1992 326 2078; x_wconf 82' lang='lat' dir='ltr'><strong>Eheu,</strong></span> <span class='ocrx_word' id='word_1_76' title='bbox 349 1993 532 2058; x_wconf 87' lang='lat' dir='ltr'><strong>cicatricum</strong></span> <span class='ocrx_word' id='word_1_77' title='bbox 555 1997 587 2058; x_wconf 90' lang='lat' dir='ltr'><strong>et</strong></span> <span class='ocrx_word' id='word_1_78' title='bbox 609 1994 737 2059; x_wconf 87' lang='lat' dir='ltr'><strong>sceleris</strong></span> <span class='ocrx_word' id='word_1_79' title='bbox 758 1993 858 2078; x_wconf 90' lang='lat' dir='ltr'><strong>pudet</strong></span> 
     </span>
     <span class='ocr_line' id='line_1_19' title="bbox 219 2080 949 2168; baseline 0.004 -22"><span class='ocrx_word' id='word_1_80' title='bbox 219 2081 439 2165; x_wconf 85' lang='lat' dir='ltr'><strong>Fratrumque.</strong></span> <span class='ocrx_word' id='word_1_81' title='bbox 480 2080 564 2158; x_wconf 83' lang='lat' dir='ltr'><strong>Quid</strong></span> <span class='ocrx_word' id='word_1_82' title='bbox 586 2104 644 2147; x_wconf 91' lang='lat' dir='ltr'><strong>nos</strong></span> <span class='ocrx_word' id='word_1_83' title='bbox 669 2082 747 2146; x_wconf 93' lang='lat' dir='ltr'><strong>dura</strong></span> <span class='ocrx_word' id='word_1_84' title='bbox 768 2082 949 2168; x_wconf 81' lang='lat' dir='ltr'><strong>refugimus</strong></span> 
     </span>
     <span class='ocr_line' id='line_1_20' title="bbox 264 2169 806 2254; baseline 0 -20"><span class='ocrx_word' id='word_1_85' title='bbox 264 2169 389 2234; x_wconf 82' lang='lat' dir='ltr'><strong>Aetas?</strong></span> <span class='ocrx_word' id='word_1_86' title='bbox 412 2170 490 2254; x_wconf 92' lang='lat' dir='ltr'><strong>quid</strong></span> <span class='ocrx_word' id='word_1_87' title='bbox 511 2171 667 2234; x_wconf 86' lang='lat' dir='ltr'><strong>intactum</strong></span> <span class='ocrx_word' id='word_1_88' title='bbox 689 2170 806 2236; x_wconf 87' lang='lat' dir='ltr'><strong>nefasti</strong></span> 
     </span>
     <span class='ocr_line' id='line_1_21' title="bbox 308 2258 930 2342; baseline 0.003 -19"><span class='ocrx_word' id='word_1_89' title='bbox 308 2258 498 2342; x_wconf 80' lang='lat' dir='ltr'><strong>Liquimus?</strong></span> <span class='ocrx_word' id='word_1_90' title='bbox 522 2259 605 2323; x_wconf 91' lang='lat' dir='ltr'><strong>unde</strong></span> <span class='ocrx_word' id='word_1_91' title='bbox 627 2280 757 2323; x_wconf 86' lang='lat' dir='ltr'><strong>manum</strong></span> <span class='ocrx_word' id='word_1_92' title='bbox 779 2259 930 2326; x_wconf 86' lang='lat' dir='ltr'><strong>iuventus</strong></span> 
     </span>
    </p>
   </div>
   <div class='ocr_carea' id='block_1_7' title="bbox 220 2407 869 2758">
    <p class='ocr_par' dir='ltr' id='par_1_7' title="bbox 220 2407 869 2758">
     <span class='ocr_line' id='line_1_22' title="bbox 220 2407 804 2492; baseline 0.002 -20"><span class='ocrx_word' id='word_1_93' title='bbox 220 2407 310 2473; x_wconf 91' lang='lat' dir='ltr'><strong>Metu</strong></span> <span class='ocrx_word' id='word_1_94' title='bbox 334 2408 463 2473; x_wconf 89' lang='lat' dir='ltr'><strong>deorum</strong></span> <span class='ocrx_word' id='word_1_95' title='bbox 486 2408 665 2473; x_wconf 84' lang='lat' dir='ltr'><strong>continuit?</strong></span> <span class='ocrx_word' id='word_1_96' title='bbox 689 2409 804 2492; x_wconf 91' lang='lat' dir='ltr'><strong>quibus</strong></span> 
     </span>
     <span class='ocr_line' id='line_1_23' title="bbox 220 2494 795 2581; baseline -0.002 -19"><span class='ocrx_word' id='word_1_97' title='bbox 220 2496 367 2581; x_wconf 87' lang='lat' dir='ltr'><strong>Pepercit</strong></span> <span class='ocrx_word' id='word_1_98' title='bbox 390 2497 474 2561; x_wconf 82' lang='lat' dir='ltr'><strong>aris?</strong></span> <span class='ocrx_word' id='word_1_99' title='bbox 516 2494 689 2561; x_wconf 88' lang='lat' dir='ltr'><strong>Outinam</strong></span> <span class='ocrx_word' id='word_1_100' title='bbox 711 2519 795 2561; x_wconf 84' lang='lat' dir='ltr'><strong>nova</strong></span> 
     </span>
     <span class='ocr_line' id='line_1_24' title="bbox 264 2584 777 2669; baseline -0.002 -19"><span class='ocrx_word' id='word_1_101' title='bbox 264 2584 383 2650; x_wconf 88' lang='lat' dir='ltr'><strong>Inoude</strong></span> <span class='ocrx_word' id='word_1_102' title='bbox 406 2585 554 2669; x_wconf 83' lang='lat' dir='ltr'><strong>diffingas</strong></span> <span class='ocrx_word' id='word_1_103' title='bbox 577 2589 721 2650; x_wconf 88' lang='lat' dir='ltr'><strong>retusum</strong></span> <span class='ocrx_word' id='word_1_104' title='bbox 743 2586 777 2649; x_wconf 91' lang='lat' dir='ltr'><strong>in</strong></span> 
     </span>
     <span class='ocr_line' id='line_1_25' title="bbox 308 2672 869 2758; baseline 0 -20"><span class='ocrx_word' id='word_1_105' title='bbox 308 2673 505 2758; x_wconf 79' lang='lat' dir='ltr'><strong>Massagetes</strong></span> <span class='ocrx_word' id='word_1_106' title='bbox 527 2672 714 2758; x_wconf 85' lang='lat' dir='ltr'><strong>Arabasque</strong></span> <span class='ocrx_word' id='word_1_107' title='bbox 736 2673 869 2738; x_wconf 72' lang='lat' dir='ltr'><strong>ferrum!</strong></span> 
     </span>
    </p>
   </div>
   <div class='ocr_carea' id='block_1_8' title="bbox 509 2921 668 2932">
    <p class='ocr_par' dir='ltr' id='par_1_8' title="bbox 509 2921 668 2932">
     <span class='ocr_line' id='line_1_26' title="bbox 509 2921 668 2932; baseline 0.013 -2"><span class='ocrx_word' id='word_1_108' title='bbox 509 2921 668 2932; x_wconf 73' lang='lat'>—.-..</span> 
     </span>
    </p>
   </div>
   <div class='ocr_carea' id='block_1_9' title="bbox 518 3119 666 3187">
    <p class='ocr_par' dir='ltr' id='par_1_9' title="bbox 518 3119 666 3187">
     <span class='ocr_line' id='line_1_27' title="bbox 518 3119 666 3187; baseline 0.007 -1"><span class='ocrx_word' id='word_1_109' title='bbox 518 3119 666 3187; x_wconf 84' lang='lat' dir='ltr'>XXXVI.</span> 
     </span>
    </p>
   </div>
   <div class='ocr_carea' id='block_1_10' title="bbox 220 3243 874 3506">
    <p class='ocr_par' dir='ltr' id='par_1_10' title="bbox 220 3243 874 3506">
     <span class='ocr_line' id='line_1_28' title="bbox 220 3243 664 3310; baseline 0 -2"><span class='ocrx_word' id='word_1_110' title='bbox 220 3243 265 3308; x_wconf 80' lang='lat' dir='ltr'><strong>Et</strong></span> <span class='ocrx_word' id='word_1_111' title='bbox 287 3246 357 3308; x_wconf 90' lang='lat' dir='ltr'><strong>ture</strong></span> <span class='ocrx_word' id='word_1_112' title='bbox 381 3248 413 3309; x_wconf 90' lang='lat' dir='ltr'><strong>et</strong></span> <span class='ocrx_word' id='word_1_113' title='bbox 434 3244 552 3309; x_wconf 87' lang='lat' dir='ltr'><strong>fidibus</strong></span> <span class='ocrx_word' id='word_1_114' title='bbox 575 3245 664 3310; x_wconf 87' lang='lat' dir='ltr'><strong>iuvat</strong></span> 
     </span>
     <span class='ocr_line' id='line_1_29' title="bbox 263 3331 874 3419; baseline 0.007 -23"><span class='ocrx_word' id='word_1_115' title='bbox 263 3331 394 3396; x_wconf 89' lang='lat' dir='ltr'><strong>Placare</strong></span> <span class='ocrx_word' id='word_1_116' title='bbox 418 3337 450 3398; x_wconf 91' lang='lat' dir='ltr'><strong>et</strong></span> <span class='ocrx_word' id='word_1_117' title='bbox 471 3333 566 3398; x_wconf 87' lang='lat' dir='ltr'><strong>vituli</strong></span> <span class='ocrx_word' id='word_1_118' title='bbox 590 3334 743 3419; x_wconf 83' lang='lat' dir='ltr'><strong>sanguine</strong></span> <span class='ocrx_word' id='word_1_119' title='bbox 767 3334 874 3400; x_wconf 90' lang='lat' dir='ltr'><strong>debito</strong></span> 
     </span>
     <span class='ocr_line' id='line_1_30' title="bbox 222 3417 669 3506; baseline 0.002 -21"><span class='ocrx_word' id='word_1_120' title='bbox 222 3417 377 3485; x_wconf 79' lang='lat' dir='ltr'><strong>Custodes</strong></span> <span class='ocrx_word' id='word_1_121' title='bbox 398 3419 557 3487; x_wconf 88' lang='lat' dir='ltr'><strong>Numidae</strong></span> <span class='ocrx_word' id='word_1_122' title='bbox 582 3422 669 3506; x_wconf 69' lang='lat' dir='ltr'><strong>dem,</strong></span> 
     </span>
    </p>
   </div>
   <div class='ocr_carea' id='block_1_11' title="bbox 266 3506 946 3594">
    <p class='ocr_par' dir='ltr' id='par_1_11' title="bbox 266 3506 946 3594">
     <span class='ocr_line' id='line_1_31' title="bbox 266 3506 946 3594; baseline 0.006 -22"><span class='ocrx_word' id='word_1_123' title='bbox 266 3506 328 3584; x_wconf 83' lang='lat' dir='ltr'><strong>Qui</strong></span> <span class='ocrx_word' id='word_1_124' title='bbox 350 3531 435 3573; x_wconf 91' lang='lat' dir='ltr'><strong>nunc</strong></span> <span class='ocrx_word' id='word_1_125' title='bbox 457 3508 612 3593; x_wconf 89' lang='lat' dir='ltr'><strong>Hesperia</strong></span> <span class='ocrx_word' id='word_1_126' title='bbox 634 3532 744 3594; x_wconf 87' lang='lat' dir='ltr'><strong>sospes</strong></span> <span class='ocrx_word' id='word_1_127' title='bbox 768 3512 807 3576; x_wconf 85' lang='lat' dir='ltr'><strong>ab</strong></span> <span class='ocrx_word' id='word_1_128' title='bbox 830 3511 946 3576; x_wconf 89' lang='lat' dir='ltr'><strong>ultima</strong></span> 
     </span>
    </p>
   </div>
   <div class='ocr_carea' id='block_1_12' title="bbox 0 0 1190 4028">
    <p class='ocr_par' dir='ltr' id='par_1_12' title="bbox 0 0 1190 4028">
     <span class='ocr_line' id='line_1_32' title="bbox 0 0 1190 4028; baseline 0 0"><span class='ocrx_word' id='word_1_129' title='bbox 0 0 1190 4028; x_wconf 95' lang='lat' dir='ltr'><strong> </strong></span> 
     </span>
    </p>
   </div>
  </div>
 </body>
</html>
