2370 4028
150 251 214 314 154
538 249 763 306 SATVRARVM
1063 249 1094 320 [11

148 393 240 471 Quod
262 394 368 478 placui
390 394 464 478 tibi,
487 395 543 478 qui
565 395 653 478 turpi
676 393 814 459 secernis
837 395 1001 460 honestum

146 481 222 548 Non
243 486 334 566 patre
356 482 531 566 praeclaro,
554 483 610 546 sed
631 483 700 546 vita
721 486 754 546 et
775 486 905 566 pectore
927 503 1010 567 puro.

93 586 129 636 11
147 568 250 654 Atqui
272 571 300 634 si
321 570 410 635 vitiis
432 570 645 635 mediocribus
668 591 705 634 ac
727 592 799 635 mea
820 571 932 654 paucis

146 657 331 723 Mendosast
352 663 480 743 natura,
504 658 624 742 alioqui
645 662 745 742 recta,
767 658 856 722 velut
879 660 908 723 si

146 745 287 832 Egregio
310 746 472 829 inspersos
496 746 667 830 reprendas
690 767 822 830 corporo
844 769 974 831 naevos,

147 832 183 899 si
205 856 308 920 neque
330 835 497 898 avaritiam
519 857 622 918 neque
645 834 754 898 sordes
776 857 836 900 nec
858 835 943 900 mala
963 835 1047 899 lustra

147 919 272 987 Obiciat
292 944 366 986 vere
389 922 558 1006 quisquam
581 921 675 1006 mihi,
697 944 797 1006 purus
821 926 854 988 et
876 923 997 1007 insons,

94 1026 128 1074 ‘10
146 1008 193 1075 Vt
214 1032 266 1075 me
289 1010 478 1094 collaudem,
502 1011 529 1074 si
552 1010 680 1075 111111
703 1030 795 1076 carus
818 1011 944 1076 amicis:

147 1096 250 1163 Causa
271 1097 334 1162 fuit
355 1102 446 1182 pater
467 1098 532 1183 his,
555 1099 611 1182 qui
632 1120 739 1163 macro
762 1121 884 1183 pauper
907 1098 1004 1185 agello

146 1184 261 1251 Noluit
283 1186 317 1250 in
338 1186 429 1250 Flavi
451 1186 562 1250 ludum
584 1208 636 1250 me
657 1186 799 1271 mittere,
821 1188 933 1272 magni

147 1272 217 1350 Quo
240 1274 331 1358 pueri
353 1275 478 1359 magnis
501 1297 519 1339 1
542 1274 781 1339 centurionibus
804 1276 881 1360 orti,

145 1361 251 1427 Laevo
274 1363 420 1446 suspensi
441 1362 564 1427 loculos
586 1362 791 1446 tabulamque
813 1363 947 1449 lacerto,

93 1466 127 1515 11
146 1448 241 1514 Ibant
263 1453 394 1514 octonos
416 1451 589 1515 referentes
611 1450 717 1515 idibus
740 1451 836 1536 aeris,

147 1536 209 1603 Sed
231 1542 397 1622 puerumst
419 1560 515 1602 ausus
537 1538 673 1603 Romam
695 1542 823 1622 portare
847 1539 1017 1606 docendum

144 1624 256 1710 Artes,
279 1648 358 1709 quas
381 1626 493 1691 doceat
515 1627 620 1709 quivis
644 1648 740 1710 eques
763 1630 859 1711 atque
883 1632 1007 1693 sanator

30 1767 32 1771 .
146 1712 254 1778 Semet
274 1717 456 1798 prognatos.
497 1713 629 1779 Vestem
652 1736 823 1798 servosque
846 1721 1023 1801 sequentes,

145 1799 183 1865 In
205 1821 322 1886 magno
345 1806 382 1866 ut
404 1801 538 1886 populo,
561 1802 646 1886 siqui
668 1802 814 1886 vidisset,
838 1803 926 1868 11111

90 1905 126 1954 80
143 1890 196 1954 Ex
217 1912 252 1954 re
274 1890 419 1973 praeberi
442 1894 589 1973 sumptus
612 1889 694 1954 mihi
716 1891 857 1955 erederet
880 1891 963 1957 illos.
1039 1962 1041 1967 ,

144 1977 217 2062 Ipse
240 1976 321 2042 mihi
343 1981 451 2042 custos
473 1978 768 2061 incorruptissimus
790 1999 902 2044 omnes

145 2065 271 2131 Circum
294 2067 438 2130 doctores
462 2066 578 2130 aderat.
619 2065 703 2142 Quid
724 2065 849 2131 multa?
890 2066 1046 2149 Pudicum,

145 2154 207 2231 Qui
229 2154 352 2238 primus
374 2154 504 2218 virtutis
526 2152 642 2238 honos,
665 2153 805 2218 servavit
827 2155 866 2219 ab
891 2157 979 2220 omni

143 2241 219 2308 Non
241 2241 345 2304 solum
367 2241 466 2325 facto,
489 2264 599 2306 verum
622 2241 794 2325 opprobrio
818 2264 946 2328 quoque
968 2241 1053 2327 turpi,

89 2346 125 2394 ao
143 2328 212 2395 Nec
234 2328 355 2412 timuit,
379 2328 441 2393 sibi
463 2351 503 2393 ne
525 2329 604 2394 11111
629 2330 700 2412 quis
723 2334 875 2415 verteret,
897 2331 976 2396 olim

145 2416 180 2482 Si
201 2437 315 2501 praeco
337 2438 451 2500 parvas
475 2421 543 2502 aut,
565 2422 603 2481 ut
624 2417 687 2481 fuit
709 2417 790 2503 ipse,
813 2423 942 2485 coactor

143 2504 304 2571 Mercedes
328 2526 614 2590 sequere13neque
637 2526 696 2590 ego
719 2508 822 2571 assam
845 2511 986 2592 questus.
1018 2503 1055 2572 At
1065 2500 1094 2566 111

829 2617 915 2661 nunc

142 2681 228 2746 Laus
250 2680 299 2745 illi
322 2680 455 2746 debetur
477 2685 510 2746 et
532 2703 552 2744 a
573 2704 624 2746 me
648 2682 753 2767 gratia
774 2683 884 2747 maior.

143 2768 202 2835 Nil
222 2791 273 2834 ma
295 2770 456 2853 paeniteat
478 2791 592 2833 sanum
614 2770 715 2854 patris
737 2770 847 2855 huius,
869 2792 972 2856 eoque

90 2873 125 2922 90
143 2855 231 2941 Non,
253 2859 291 2921 ut
312 2878 430 2942 magna
452 2857 525 2921 dolo
548 2857 668 2922 factum
689 2862 786 2943 negat
808 2880 877 2924 essa
900 2880 960 2924 suo
980 2877 1054 2943 pars,

144 2944 236 3022 Quod
257 2966 323 3009 non
345 2946 501 3030 ingenuos
523 2944 640 3010 habeat
662 2945 826 3030 clarosque
849 2951 1009 3033 parentas,

144 3031 198 3098 Sic
219 3055 270 3097 me
294 3034 468 3099 defendam.
507 3032 617 3117 Longe
641 3056 712 3098 mea
734 3034 893 3119 discrepat
915 3035 987 3100 istis

142 3119 188 3185 Et
208 3142 273 3185 111
295 3125 328 3187 11
349 3122 445 3186 ratio:
467 3143 542 3186 nam
566 3122 594 3186 si
616 3125 731 3186 natura
753 3122 878 3188 iuberet

143 3207 175 3272 A
197 3209 292 3273 certis
315 3211 407 3274 annis
430 3231 542 3275 aevum
565 3231 704 3274 remeare
726 3215 891 3294 peractum

91 3312 125 3361 91
144 3295 252 3380 Atque
274 3297 355 3362 alios
376 3297 482 3383 legere
506 3298 546 3362 ad
566 3298 698 3383 fastum,
722 3320 939 3385 quoscumque
961 3296 1078 3384 parentet

145 3383 279 3468 Optaret
301 3385 363 3449 sibi
387 3386 534 3470 quisque,
556 3387 636 3451 meis
659 3390 827 3451 contentus
849 3388 999 3453 honestos

143 3472 296 3537 Fascibus
320 3477 352 3537 et
374 3473 462 3538 sellis
484 3475 603 3539 nollem
624 3473 705 3538 mihi
728 3497 866 3560 sumere,
890 3477 1011 3541 demens

144 3559 266 3626 Iudicio
288 3561 389 3645 volgi,
413 3582 508 3626 sanus
531 3562 666 3627 fortasse
689 3566 759 3647 tuo,
783 3565 869 3648 quod
