2370 4028
145 215 208 280 182
536 182 760 273 sarvamvu
1030 220 1120 292 [mv

91 375 124 424 90
141 359 227 424 Nam
251 360 396 443 quamvis
418 361 554 425 memori
575 361 695 426 referas
717 361 798 426 mihi
819 366 952 446 pectore
974 369 1092 448 cuncte,

142 447 218 512 Non
240 450 347 512 tamen
370 449 527 532 interpres
550 449 738 514 tantundem
760 449 888 514 iuveris.
931 448 1024 517 Adde

143 534 277 600 Voltum
298 535 508 620 habitumque
529 536 684 621 hominis,
711 558 805 621 quem
831 541 868 602 tu
893 537 1014 605 vidisse
1036 539 1125 605 beatus

142 623 217 688 Non
240 624 496 708 magnipendis,
520 624 596 709 quia
618 624 767 710 contigit3
790 628 824 689 at
846 625 930 691 mihi
953 649 1028 692 cura

141 711 217 776 Non
238 712 408 776 mediocris
430 713 528 796 inest,
550 712 655 777 fontes
678 716 715 776 ut
738 713 825 778 adire
848 718 990 779 remotos

91 815 123 863 95
141 799 249 884 Atque
271 800 399 864 haurire
423 822 536 885 queam
559 802 643 866 vitae
665 805 835 885 praecepta
856 801 992 867 beatae!

626 1115 666 1181 V.

142 1239 223 1304 ‘Hoc
247 1261 386 1324 quoque,
409 1239 544 1324 Tiresia,
567 1243 693 1324 praeter
713 1243 843 1304 narrata
864 1241 990 1324 petenti

140 1328 323 1412 Responde,
347 1328 463 1413 quibus
487 1329 620 1392 amissas
641 1350 789 1412 reparare
812 1349 929 1412 queam
951 1351 1002 1394 res

140 1414 275 1480 Artibus
299 1420 395 1501 atque
417 1415 530 1480 modis.
571 1415 655 1492 Quid
676 1415 800 1481 rides?'
841 1414 964 1481 ‘Iamne
987 1416 1088 1483 doloso

139 1504 216 1568 Non
238 1504 316 1568 satis
339 1508 389 1569 est
410 1502 554 1568 Ithacam
576 1503 685 1569 revehi
707 1504 892 1589 patriosque
914 1503 1049 1572 Penates

107 1591 352 1675 5Adspicere?’
394 1590 432 1656 ‘0
455 1592 538 1656 nulli
561 1592 731 1676 quicquam
752 1593 901 1677 mentite,
924 1592 1014 1659 vides
1034 1597 1069 1658 ut

140 1679 255 1745 Nudus
278 1680 433 1764 inopsque
457 1674 586 1744 domuin
608 1680 735 1745 redeam
757 1685 790 1745 te
811 1684 898 1765 vate,
921 1702 1025 1767 neque
1045 1681 1099 1746 illic

140 1767 208 1832 Aut
231 1768 386 1852 apotheca
407 1768 512 1851 procis
536 1768 705 1833 †intactast
727 1772 783 1833 aut
804 1790 916 1852 pecus:
940 1770 1030 1854 atqui

140 1856 185 1920 Et
208 1876 308 1941 genus
332 1861 364 1921 et
385 1857 502 1941 virtus,
524 1856 588 1921 nisi
611 1878 683 1921 cum
705 1878 753 1941 re,
775 1856 872 1921 vilior
893 1855 1021 1942 algaso?

141 1944 286 2021 ‘Quando
309 1945 493 2028 pauperiem
514 1944 622 2009 missis
646 1943 833 2030 ambagibus
855 1943 982 2031 horres,

89 2048 122 2096 10
140 2032 258 2118 Accipe
282 2055 344 2118 qua
366 2032 488 2097 ratione
512 2054 609 2116 queas
632 2032 792 2097 ditescere.
832 2030 962 2097 Turdus

142 2119 215 2187 Sive
239 2121 325 2185 aliud
347 2122 474 2204 privum
498 2120 626 2184 dabitur
647 2119 722 2204 tibi,
745 2117 871 2185 devolet
894 2120 986 2204 illuc,

139 2209 204 2274 Res
227 2210 284 2274 ubi
305 2230 422 2293 magna
443 2209 526 2272 nitet
548 2207 677 2273 domino
701 2229 788 2292 sene3
811 2206 919 2272 dulcia
940 2229 1034 2292 poma

139 2297 184 2361 nt
208 2318 425 2380 quoscumque
446 2296 528 2360 feret
551 2295 655 2360 cultus
678 2295 740 2360 tibi
761 2295 880 2360 fundus
902 2294 1036 2361 honores

140 2383 225 2448 Ante
246 2383 361 2447 Larem
385 2387 493 2468 gustet
514 2383 725 2448 venerabilior
745 2383 827 2447 Lare
849 2383 947 2448 dives.

89 2488 121 2536 15
142 2472 203 2548 Qui
226 2472 371 2556 quamvis
394 2472 540 2555 periurus
563 2471 637 2555 erit,
660 2471 728 2535 sine
751 2474 858 2555 gente,
882 2474 1030 2536 cruentus

142 2559 301 2645 Sanguine
324 2560 479 2644 fraterno,
501 2560 671 2644 fugitivus,
694 2581 734 2623 ne
757 2563 864 2623 tamen
886 2559 937 2623 illi

140 2648 189 2712 Tu
213 2670 317 2713 comes
341 2648 493 2730 exterior,
516 2648 544 2711 si
566 2646 721 2731 postulet,
744 2645 790 2710 ire
811 2646 961 2711 recuses?

140 2735 237 2801 ‘the
260 2740 367 2821 tegam
390 2757 504 2819 spurco
526 2734 648 2800 Damae
669 2734 777 2799 latus?
817 2733 915 2798 Haud
937 2735 983 2798 ita
1002 2729 1089 2797 Troiae

139 2823 192 2889 Me
215 2825 313 2910 gessi,
336 2829 461 2889 certans
485 2845 609 2907 semper
631 2821 838 2887 melioribus!
878 2821 977 2908 ‘Ergo

88 2927 121 2976 20
139 2911 265 2996 Pauper
287 2913 371 2977 eris.⁹
412 2911 552 2975 ‘Fortem
574 2911 636 2975 hoc
659 2910 800 2974 animum
822 2909 960 2975 tolerare
981 2906 1083 2986 iubebq

139 3000 184 3064 Et
207 3001 367 3085 quondam
389 3000 511 3065 maiora
532 2998 616 3063 tulit.
656 2997 705 3062 'l'u
727 2997 889 3082 protinus,
911 2998 994 3062 unde

139 3087 278 3152 Divitias
301 3088 445 3173 aerisque
468 3108 572 3170 ruam,
595 3086 646 3150 dic
669 3107 783 3171 augur,
806 3086 956 3151 acervos?

140 3175 228 3240 ‘Diri
252 3177 398 3260 equidem
421 3180 453 3241 et
476 3175 559 3239 dico:
582 3178 689 3258 captes
713 3177 838 3238 astutus
861 3174 980 3258 ubique

140 3264 344 3329 Testamenta
366 3286 478 3329 senum
500 3285 576 3346 neu,
598 3263 624 3326 si
648 3262 737 3327 vafer
758 3283 843 3326 unus
866 3266 899 3327 et
922 3262 1000 3328 alter

87 3367 120 3416 25
139 3350 362 3417 insidiatorem
385 3373 535 3436 praeroso
558 3351 679 3436 fugerit
700 3348 809 3435 hamo,

138 3440 207 3505 Aut
229 3462 318 3524 spem
342 3442 481 3523 deponas
504 3441 560 3503 aut
582 3442 683 3503 artem
706 3437 830 3502 inlusus
853 3438 990 3503 omittas.

138 3527 257 3615 Magna
278 3528 423 3593 minorve
444 3528 515 3592 foro
539 3527 567 3591 si
590 3549 640 3592 res
664 3526 840 3591 certabitur
863 3526 954 3592 olim:
