2370 4028
73 227 93 300 ·l
444 229 552 284 LIBER
569 229 589 285 1.
956 231 1018 296 137

73 370 110 434 id
133 371 179 435 mi
201 371 303 456 igitur
324 372 460 437 suades?
501 371 547 437 Vt
568 373 675 437 vivam
696 372 841 438 Maenius
865 379 920 439 aut
942 375 989 440 sic

78 457 342 524 Nomentanusl'
382 459 495 546 Pergis
518 462 695 545 pugnantia
717 483 824 526 secum

73 546 187 612 ntibus
210 547 351 612 adversis
374 570 565 633 conponere:
588 572 652 614 non
676 570 749 635 ego,
773 572 903 614 avarum

73 657 95 699 n
116 639 190 699 veto
214 639 245 699 te
267 635 351 720 fieri,
373 659 511 720 vappam
533 638 627 703 iubeo
651 659 687 702 ac
709 637 908 703 nebulonem.

96 723 180 787 inter
202 723 325 787 Tanain
348 725 500 808 quiddam
523 747 732 810 socerumque
754 724 878 791 Viselli.
1019 742 1072 791 105

96 812 209 876 modus
232 812 266 875 in
289 812 398 896 rebuS,
421 818 497 878 sunt
520 815 598 879 certi
621 815 756 897 denique
778 815 871 899 fines,

73 921 101 962 rs
124 899 209 964 ultra
232 901 374 984 citraque
397 902 509 986 nequit
532 902 705 966 consistere
728 906 860 967 rectum.

73 1009 107 1071 c,
129 988 212 1052 unde
235 987 313 1072 abii,
336 989 443 1072 rede0,
467 990 522 1072 qui
544 1012 652 1074 nemo,
674 995 711 1054 ut
734 1013 861 1075 avarus,

73 1038 190 1159 piebet
213 1098 250 1140 ae
271 1077 380 1160 potius
402 1039 511 1142 lairdet
497 1078 659 1143 tdiversa
681 1084 862 1164 sequentes,
948 1143 950 1146 ,

73 1164 166 1247 idque
190 1163 294 1228 aliena
316 1164 446 1266 capella
459 1169 550 1250 gerat
572 1166 742 1231 distentius
764 1167 857 1252 uber,
1017 1183 1069 1231 110

73 1255 167 1316 ascet
170 1274 305 1337 ,neque
328 1275 362 1318 sa
384 1253 499 1317 maiori
520 1254 747 1337 pauperiorum

73 1339 136 1405 bae
160 1345 324 1426 conparet,
297 1341 432 1406 thunc
455 1346 550 1425 atque
572 1342 658 1407 hunc
681 1365 830 1426 superare
852 1342 990 1428 laboret,

87 1429 253 1494 festinanti
276 1451 401 1514 semper
422 1429 613 1514 locupletior
636 1432 754 1515 obstet,

93 1539 165 1581 cum
188 1519 367 1583 carceribus
390 1519 506 1582 missos
529 1519 613 1602 rapit
635 1518 756 1604 ungula
779 1540 903 1604 currus,

73 1609 114 1668 rat
136 1606 227 1689 equis
251 1607 362 1691 auriga
384 1628 459 1671 suos
482 1607 610 1671 vincent
596 1607 696 1691 tibus,
719 1607 811 1671 illum
1016 1622 1066 1670 ιιι

73 1694 222 1758 eteritum
244 1698 390 1759 temnens
413 1695 604 1759 extremos
595 1699 679 1759 mter
701 1698 838 1760 euntem

73 1803 87 1845 e
109 1781 160 1866 fit
183 1787 220 1846 ut
241 1805 327 1866 raro,
351 1782 406 1866 qui
428 1805 462 1847 se
485 1783 603 1847 vixisse
626 1783 756 1847 beatum

73 1873 104 1932 at
126 1874 159 1934 et
182 1874 293 1935 exacto
316 1875 485 1937 contentus
507 1875 650 1954 tempore
672 1872 740 1936 uita

73 1961 108 2020 at
129 1957 179 2021 uti
202 1959 336 2023 conviva
358 1962 459 2042 satur,
482 1959 620 2042 reperire
644 1981 805 2042 queamus.

73 2046 178 2110 isatis
201 2049 258 2110 est.
298 2045 349 2112 Ne
371 2068 423 2110 me
446 2045 586 2131 Crispini
609 2047 726 2111 scrinia
747 2047 828 2132 lippi
1015 2062 1066 2110 120

73 2133 194 2216 rpilasse
215 2137 323 2218 putes,
345 2134 479 2199 verbum
501 2157 566 2199 non
589 2135 726 2219 amplius
750 2136 870 2200 addam.

491 2447 532 2514 H.

73 2569 261 2636 bubaiarum
284 2571 432 2656 collegia,
454 2571 732 2656 pharmacopolae,

73 2659 158 2743 rdici,
181 2661 311 2742 mimae,
333 2660 529 2744 balatrones,
550 2660 613 2726 hoc
636 2681 736 2745 genus
760 2682 852 2725 omne

73 2751 166 2811 catum
189 2769 226 2812 ac
248 2747 455 2812 sollicitumst
477 2750 616 2813 cantoris
638 2752 742 2813 morte
764 2748 895 2833 Tigelli:

73 2856 131 2918 ppe
153 2835 312 2921 benignus
334 2839 411 2900 erat.
452 2835 571 2901 Contra
591 2837 658 2921 hic,
681 2860 721 2903 ne
743 2837 897 2922 prodigus
921 2860 990 2904 esse

73 2926 140 2987 atur
162 2929 320 3009 metuens,
343 2924 432 3008 inopi
455 2924 529 2988 dare
552 2925 634 2990 nolit
656 2925 771 3010 amico,
1046 2943 1062 2990 c

73 3030 121 3094 rus
145 3033 208 3095 quo
232 3012 405 3096 duramque
427 3012 544 3077 famem
566 3013 744 3096 propellere
766 3013 877 3097 possit

73 3103 907 3274 lllssfftf'gfttusslgtrlttlllll?sm,

73 3275 120 3338 nia
142 3276 307 3340 conductis
331 3298 476 3340 coemens
500 3276 633 3341 obsonia
655 3277 807 3341 nummis:

73 3362 158 3426 lidus
182 3368 278 3447 atque
301 3364 399 3428 animi
423 3365 508 3448 quod
529 3365 621 3448 parvi
644 3364 726 3428 nolit
747 3365 871 3449 haberi,
1026 3382 1058 3429 ιο

73 3452 196 3534 pondet.
236 3451 399 3516 Laudatur
422 3452 461 3517 ab
484 3452 548 3536 his,
571 3452 718 3536 culpatur
740 3453 780 3518 ab
803 3453 876 3518 illis.

75 3539 146 3604 dius
168 3561 291 3624 vappae
312 3539 432 3604 famam
454 3541 547 3605 timet
570 3563 606 3605 ac
628 3541 810 3625 nebulonis,
