2370 4028
43 244 50 315 ]
412 243 522 298 nanu
538 244 560 300 1.
950 246 993 309 15

92 386 200 472 Eheu,
224 392 363 472 quantus
387 388 492 472 equis,
515 391 654 472 quantus
678 389 768 453 adest
788 390 867 454 viris

93 474 210 540 Sudor!
234 480 355 560 quanta
376 497 486 540 moves
509 476 622 540 funera
643 476 809 542 Dardanae
958 494 993 542 10

93 562 202 628 Genti!
243 562 312 628 Iam
336 564 461 649 galeam
483 563 591 628 Pallas
615 570 647 629 et
670 565 782 650 aegida

141 651 324 736 Gunusque
347 657 379 717 ct
402 652 522 716 rabiem
546 657 647 737 parat.

92 801 300 886 Nequiquam
321 801 457 867 Veneris
480 803 639 886 praesidio
661 803 753 867 ferox

90 890 204 954 Pectes
227 890 398 956 caesariem
422 895 575 975 grataque
597 891 726 956 feminis

92 976 209 1043 Inbelli
233 978 356 1043 cithara
378 979 519 1043 carmina
540 979 694 1064 †divides;

139 1066 345 1151 Nequiquam
368 1066 509 1132 thalamo
533 1087 648 1152 graves

90 1216 211 1280 Hastas
235 1220 268 1298 et
290 1215 404 1280 calami
427 1216 550 1300 spicula
573 1217 684 1283 Gnosii

92 1304 223 1369 Vitabis
246 1305 481 1388 strepitumque
505 1310 538 1369 et
561 1306 695 1371 celerem
718 1306 810 1390 sequi

91 1392 237 1457 Aiacem:
261 1397 382 1476 tamen,
404 1392 468 1456 heu
491 1397 594 1458 serus!
618 1394 778 1460 adulteros

141 1480 251 1545 Orines
274 1481 405 1564 pulvere
429 1481 568 1546 collines.

90 1631 167 1696 Non
189 1629 392 1714 Laertiaden,
415 1631 549 1695 exitium
572 1636 646 1696 tuae

94 1718 204 1802 Genti,
226 1740 292 1783 nou
314 1717 444 1802 Pylium
466 1718 606 1784 Nestora
628 1719 781 1803 respicis?

92 1807 241 1891 Vrguent
263 1806 405 1890 inpavidi
428 1811 460 1871 te
485 1806 678 1872 Salaminius

140 1895 275 1979 Teucer,
297 1900 330 1959 te
354 1893 539 1980 StheneluS,
562 1897 665 1960 sciens

91 2045 237 2129 Pugnae,
261 2044 328 2109 sive
352 2066 432 2128 opus
456 2050 506 2109 est
527 2046 710 2130 imperitare
733 2047 837 2130 aquia,

91 2133 167 2198 Non
191 2133 302 2216 auriga
323 2133 423 2218 piger.
462 2132 630 2198 Merionen
652 2156 779 2218 quoque

90 2221 222 2286 Nosces.
262 2221 346 2285 Ecce
369 2221 462 2305 furit,
484 2226 517 2286 te
539 2223 678 2306 reperire
701 2227 806 2307 atrox,

140 2309 280 2393 Tydides
302 2309 417 2373 melior
438 2314 543 2394 patre,

93 2458 195 2534 Quem
218 2463 268 2542 tu,
291 2481 403 2523 cervus
426 2460 475 2523 uti
497 2459 591 2524 vallis
613 2460 648 2524 in
670 2460 771 2524 altera

92 2545 207 2611 Visum
230 2551 321 2630 parte
344 2547 457 2631 lupum
481 2548 635 2632 graminis
658 2549 827 2633 inmemor,

93 2634 232 2700 Sublimi
254 2630 359 2719 fugies
382 2635 489 2700 mollis
513 2636 670 2720 anhelitu,

138 2722 215 2788 Nou
237 2722 298 2787 hoc
320 2723 484 2807 pollicitus
508 2728 589 2788 tuae.

90 2873 248 2938 Iracunda
270 2873 355 2937 diem
377 2874 518 2957 proferet
540 2872 600 2938 Ilio

91 2961 312 3046 Matronisque
335 2960 502 3045 Phrygum
526 2962 636 3027 classis
659 2960 811 3046 Achillei,

90 3050 171 3115 Post
193 3054 295 3114 certas
317 3049 439 3114 hiemes
462 3054 534 3114 uret
555 3049 716 3115 Achaicus

139 3137 229 3223 Ignis
252 3138 443 3224 Pergameas
467 3139 599 3203 domos?

402 3422 560 3433 *aa
