2370 4028
29 233 115 289 mm.
129 233 251 304 mu]
410 231 519 286 amsa
536 231 556 286 1.

135 377 240 463 (logor
261 376 403 442 relictos:
425 398 563 460 namque
585 373 760 459 Diespiter,
969 387 985 437 5

133 465 207 552 lgni
229 487 360 531 corusco
383 464 494 529 nubila
517 463 660 528 dividens

177 554 385 638 Plerumque,
407 575 465 637 per
486 573 604 637 purum
626 554 774 615 tonantes

221 641 303 727 Egit
325 663 424 725 equos
446 641 671 723 volucremque
694 660 835 722 currum3

135 790 205 868 Quo
227 791 324 856 bruta
346 790 441 855 tellus
465 793 497 854 et
519 809 601 874 vaga
623 788 769 872 flumina,

135 878 205 956 Quo
229 877 311 962 Styx
334 882 367 943 et
388 877 484 942 invisi
506 877 637 942 horrida
659 875 794 941 Taenari

180 966 277 1032 Setles
299 964 533 1049 Atlanteusque
555 966 630 1029 finis

224 1054 419 1120 concutitur.
460 1053 556 1119 Valet
578 1054 644 1117 ima
665 1052 800 1117 summis

134 1204 260 1270 Mutare
283 1208 316 1269 et
337 1204 496 1289 insignem
519 1206 665 1268 attenuat
688 1203 779 1285 deus,

136 1291 280 1357 Obscura
299 1314 463 1377 promens,
484 1291 561 1355 hinc
584 1291 706 1376 apicem
728 1311 828 1373 rapax

178 1380 321 1446 Fortuna
343 1403 415 1446 cum
438 1379 573 1444 stridore
597 1383 690 1444 acuto

224 1467 376 1554 Sustulit,
398 1469 452 1532 hic
473 1468 619 1553 posuisse
643 1466 769 1552 gaudet.

404 1719 564 1728 ——u————

421 1913 552 1979 XXXV.

92 2038 120 2104 Ο
144 2039 229 2122 diva,
252 2041 380 2122 gratum
404 2059 484 2122 quae
507 2037 592 2122 regis
614 2036 764 2121 Antium,

90 2128 246 2192 Praesens
268 2125 320 2190 vel
342 2126 407 2190 imo
431 2126 544 2191 tollere
566 2127 604 2191 de
628 2125 729 2210 gradu

135 2213 272 2280 Mortale
294 2235 409 2298 corpus
431 2214 483 2279 vel
505 2214 660 2298 superbos

179 2302 314 2368 Vertere
336 2302 502 2366 funeribus
525 2302 720 2387 triumphos,

91 2453 138 2517 Te
159 2473 281 2536 pauper
303 2452 405 2516 ambit
426 2452 566 2518 sollicita
586 2475 680 2537 prece

91 2541 190 2605 Ruris
212 2540 358 2624 colonus,
380 2544 413 2605 te
436 2541 598 2606 dominam
620 2541 781 2626 aequoris,

137 2627 335 2712 Quicumque
357 2627 500 2712 Bithyna
520 2630 650 2695 lacessit

181 2715 388 2801 Carpathium
410 2718 544 2803 pelagus
567 2718 681 2782 carina.

91 2865 138 2931 Te
159 2865 267 2943 Dacus
290 2888 396 2951 asper,
419 2871 451 2931 te
473 2869 602 2954 profugi
625 2865 763 2951 Scythae

91 2953 261 3039 Vrbesque
284 2958 458 3040 gentesque
481 2961 514 3021 et
534 2956 663 3021 Latium
685 2955 776 3020 ferox

135 3041 325 3127 Regumque
347 3047 466 3108 matres
488 3044 697 3110 barbarorum
719 3048 753 3109 et

179 3130 338 3215 Purpurei
360 3136 508 3197 metuunt
530 3133 671 3217 tyranni,

90 3279 250 3346 Iniurioso
272 3303 313 3345 ne
334 3281 415 3366 pede
436 3304 570 3365 proruas

93 3367 239 3434 Stantem
261 3370 455 3454 columnam,
477 3393 540 3435 neu
562 3369 700 3454 populus
722 3370 872 3455 frequens

136 3454 188 3522 Ad
210 3479 299 3522 arma
320 3462 494 3543 cessantes,
517 3458 557 3523 ad
579 3479 667 3522 arma

180 3543 327 3612 Concitet
348 3547 580 3632 imperiumque
602 3546 738 3632 frangat.
