2370 4028
157 246 221 311 238
529 243 785 300 0000000000
1087 242 1113 316 0

157 389 206 454 Ac
227 389 350 473 potius,
372 411 452 473 puer
473 392 511 452 ut
532 388 623 453 festis
647 386 903 471 Quinquatribus
926 386 1015 471 olim,

141 478 285 562 Exiguo
309 481 463 562 gratoque
485 477 603 541 frueris
625 480 769 559 tempore
792 475 919 559 raptim.

158 565 329 649 Pauperies
351 565 504 628 inmunda
526 568 633 628 tamen
654 563 767 647 procul
789 563 886 628 absit:
910 583 970 648 ego
992 564 1092 626 †utmn

88 669 140 720 000
157 653 248 718 Nave
269 653 354 717 ferar
375 673 492 737 magna
514 675 555 716 an
576 674 687 736 parva,
708 652 794 716 ferar
815 673 900 716 unus
924 655 957 716 00
978 651 1060 715 idem

157 741 233 806 Non
256 741 418 825 agimurt
403 740 535 805 tumidis
557 740 638 804 00110
661 740 809 823 00011000
832 739 986 804 secundo:

157 829 233 894 Non
255 832 362 893 tamen
384 829 598 892 adversist
547 832 618 892 aeta
618 832 684 893 tem
707 828 853 892 ducimus
876 828 1007 911 austris,

158 915 335 981 Viribus
295 917 468 1001 ,mgenio,
491 916 609 1000 specie,
630 916 751 980 0100000
755 915 871 1000 ,loco,
894 937 930 980 re

158 968 306 1069 Extremi
327 1004 517 1087 primorum,
541 1004 691 1068 extremis
714 1025 816 1087 usque
838 1003 972 1104 priores.

89 1106 140 1159 205
157 1093 233 1158 Non
256 1115 289 1158 00
313 1091 522 1156 0000000001.
565 1090 669 1167 Quid?
711 1090 855 1156 Cetera
845 1113 912 1155 ram
934 1089 1028 1155 simul
1045 1090 1090 1154 isto

160 1179 240 1245 Cum
261 1181 341 1244 vitio
363 1180 494 1264 fugere?
536 1177 631 1244 Caret
652 1179 713 1243 tibi
734 1179 879 1263 pectus
870 1179 960 1243 mani

158 1268 364 1333 Ambitione?
388 1271 474 1332 caret
494 1268 610 1332 mortis
631 1267 801 1332 formidine
824 1270 857 1331 et
880 1267 950 1331 ira?

160 1356 302 1440 Somnia,
325 1361 460 1420 terrores
482 1356 638 1439 magicos,
659 1354 826 1439 miracula,
849 1375 957 1440 sagas,

157 1444 341 1509 Nocturnos
362 1443 500 1508 lemures
522 1447 733 1527 portentaque
755 1442 910 1507 Thessala
932 1441 1032 1507 rides?

89 1546 141 1598 210
158 1531 292 1598 Natales
314 1536 403 1616 grate
425 1531 594 1596 numeras?
618 1531 758 1616 ignoscis
781 1530 915 1595 arnicis‘?

158 1621 276 1685 Lenior
298 1624 330 1684 et
351 1620 464 1685 melior
485 1620 525 1683 fis
548 1619 715 1684 accedente
737 1618 886 1684 senecta?
1063 1687 1069 1703 ι

134 1702 137 1711 ’
160 1707 244 1784 Quid
266 1712 298 1773 te
321 1711 469 1791 exempta
488 1707 575 1772 10000
597 1707 698 1792 spinis
721 1707 760 1772 de
781 1706 930 1790 pluribus
952 1705 1032 1771 una?

159 1795 276 1860 Vivere
299 1796 327 1860 si
349 1800 434 1860 recte
456 1795 573 1878 nescis,
595 1794 710 1860 decede
731 1795 853 1878 peritis.

159 1884 281 1949 Lusisti
303 1884 395 1967 satis,
418 1882 512 1947 edisti
535 1882 613 1948 00010
636 1887 733 1966 atque
754 1883 879 1947 bibisti:

90 1986 140 2038 215
159 1972 299 2056 Tempus
322 1971 409 2036 abire
431 1971 536 2055 tibist,
558 1975 734 2055 nepotum
756 1970 878 2054 largius
903 1992 1002 2054 aequo

158 2060 274 2124 Rideat
297 2064 329 2124 et
350 2059 457 2144 pulset
477 2059 598 2124 lasciva
619 2058 781 2123 decentius
805 2062 902 2122 00000.

624 2371 691 2438 ψ10.

362 2495 507 2582 [amun
528 2496 587 2561 00
611 2494 727 2561 ism
751 2457 977 2582 0000100]

158 2583 308 2649 Humano
332 2585 429 2669 capiti
452 2585 606 2650 cervicem
628 2585 732 2668 pictor
755 2586 905 2669 equinam

159 2671 294 2757 Iungere
317 2673 345 2737 si
367 2673 445 2738 00110
467 2677 500 2738 00
521 2673 626 2736 000100
649 2672 797 2737 inducere
819 2672 960 2757 plumas,

159 2759 308 2844 Vndique
331 2760 456 2826 00110010
477 2761 630 2824 membris
652 2764 689 2824 ut
711 2761 849 2844 turpiter
871 2764 977 2825 atrum

159 2847 294 2912 Desinat
317 2849 350 2912 in
372 2848 493 2932 piscem
516 2848 631 2912 mulier
651 2848 793 2912 formose
815 2870 964 2932 superne:

126 2952 141 3001 0
161 2934 345 3019 Spectatum
369 2937 500 3001 admissi
522 2937 623 3000 risum
647 2936 796 3021 teneatis,
819 2936 935 3000 amici?

161 3022 300 3106 Credite,
322 3023 468 3109 Pisones,
492 3025 547 3089 isti
569 3023 697 3089 tabulae
718 3024 787 3088 fore
809 3024 929 3088 librum

159 3110 372 3197 Persimilem,
395 3113 500 3197 cuius,
521 3111 610 3177 00100
633 3112 720 3196 aegri
743 3112 880 3196 somnia,
902 3133 1001 3177 vanae

159 3198 337 3282 Fingentur
359 3200 537 3285 species,u
515 3203 633 3264 00000
654 3221 710 3283 pes
733 3221 791 3263 nec
815 3203 911 3284 caput
932 3201 989 3264 uni

159 3285 284 3350 Reddat
270 3291 323 3350 tur
344 3288 473 3352 formae
514 3286 752 3352 Pictoribust
719 3291 815 3371 atque
837 3287 943 3371 poetis

107 3390 141 3439 10
161 3372 325 3449 Quidlibet
347 3376 483 3440 audendi
506 3397 631 3476 semper
652 3374 716 3438 fuit
739 3397 839 3458 aequa
861 3378 1011 3459 potestas.

161 3461 299 3546 Scimus,
318 3466 351 3526 00
368 3462 450 3527 hanc
463 3464 588 3528 veniam
602 3462 804 3547 petimusque
819 3463 993 3547 damusque
1006 3451 1125 3526 virissimi

161 3548 223 3615 Sed
246 3571 310 3614 non
333 3551 909 3635 00010010100000001000010,οο0
933 3555 970 3617 ut
