2370 4028
143 237 206 300 142
534 235 758 290 servamur
1085 235 1120 309 [ιι

142 378 329 455 Quidam
301 383 346 443 ait
370 380 510 465 ignoras
532 384 564 444 ιε
588 401 628 442 an
650 383 687 443 ut
709 379 856 464 ignotum
880 380 958 445 dare
981 380 1072 446 nobis

141 467 250 531 Verba
270 472 330 553 put
316 467 400 532 t'as?
441 467 591 552 Egomet
612 468 658 531 mi
680 467 811 552 ignosco
813 466 995 534 'Maenius
1018 469 1120 553 inquit

143 554 269 620 Stultus
293 559 326 620 ει
348 555 502 639 inprobus
524 555 578 619 hic
601 577 690 620 amor
713 559 762 620 est
785 555 975 657 dignusque
989 558 1096 622 notari

89 662 123 709 ao
143 642 260 707 (lumt
246 647 302 708 tua
324 645 489 746 pervideas
513 643 613 708 oculis
636 643 721 706 mala
742 643 850 728 lippus
872 644 1029 731 inunctis,

143 730 262 796 Curru
287 732 460 796 amicorum
482 732 571 796 vitiis
594 735 661 794 tam
684 732 787 796 cernis
810 735 941 796 acutum

142 819 244 896 Quam
277 824 332 884 aut
364 820 471 904 aquila
502 825 558 885 aut
589 841 718 903 serpens
745 819 964 904 Epidaurius?
1010 819 1056 885 At
1041 824 1120 890 tl:

871 912 984 973 contra

141 995 272 1079 Evenit,
294 996 459 1080 inquirant
481 996 561 1060 vitia
582 1001 620 1060 ut
641 1000 698 1060 tua
720 1017 831 1060 rursus
853 999 886 1061 et
907 995 967 1061 illi.

141 1083 328 1149 Iracundior
351 1088 400 1148 cst
421 1084 543 1168 paull0,
565 1086 672 1149 minus
695 1089 789 1168 aptus
812 1085 914 1148 acutis

89 1190 123 1239 30
140 1170 282 1236 Naribus
304 1172 419 1236 horum
441 1172 621 1257 hominum,
643 1173 740 1236 rideri
762 1173 865 1257 possit
887 1194 940 1257 eo,
963 1173 1049 1257 quod

141 1259 305 1324 Rusticius
328 1262 422 1324 tonso
444 1265 522 1344 toga
544 1261 655 1325 defluit
676 1265 710 1325 et
731 1261 814 1325 male
834 1260 928 1324 laxus

141 1346 180 1412 In
201 1348 280 1431 pede
304 1347 426 1413 calceus
449 1348 573 1433 haeret3
597 1353 631 1412 at
653 1353 702 1413 cst
724 1349 841 1432 bonus,
863 1352 900 1412 ut
923 1348 1038 1413 melior
1058 1350 1120 1416 vir

140 1435 216 1502 Non
233 1435 315 1500 alius
330 1437 512 1520 quisquam,
530 1441 563 1500 at
578 1437 639 1501 tibi
654 1438 773 1501 amicus
778 1487 786 1520 ,
806 1441 839 1500 at
852 1436 1018 1521 ingenim
1031 1437 1120 1523 inger

141 1523 266 1588 Inculto
288 1523 368 1589 latet
390 1525 452 1589 hoc
474 1525 533 1588 sub
557 1547 695 1608 corpore.
736 1524 882 1609 Denique
904 1529 937 1590 te
961 1526 1063 1609 ipsum

89 1631 122 1679 35
143 1611 295 1697 Concute,
317 1635 460 1696 numqua
481 1613 542 1676 tibi
564 1613 716 1677 vitiorum
739 1613 891 1677 inseverit
914 1613 992 1678 olim

141 1699 266 1766 Natura
288 1706 344 1766 aut
366 1702 462 1765 etiam
486 1701 679 1766 consuetudo
702 1700 799 1785 mala,
822 1723 960 1774 namque

140 1788 304 1873 Neglectis
327 1790 447 1854 urenda
468 1789 539 1853 filix
561 1789 736 1853 innascitur
759 1789 852 1873 agris.

141 1875 222 1941 Illuc
244 1881 494 1961 praevertemur,
517 1881 690 1941 amatorem
714 1877 800 1960 quod
822 1877 942 1942 amicae

141 1964 260 2049 Turpia
283 1965 444 2048 decipiunt
467 1987 594 2029 caecum
616 1965 695 2029 vitia
718 1969 773 2029 aut
796 1966 892 2029 etiam
915 1966 987 2050 ipsa
1007 1966 1072 2031 haec

88 2072 122 2118 40
140 2053 321 2137 Delectant,
344 2053 444 2117 veluti
465 2052 637 2117 Balbinum
659 2051 796 2137 polypus
818 2052 961 2137 Hagnae.

141 2141 266 2206 Vellem
288 2141 323 2204 in
345 2140 485 2204 amicitia
507 2142 553 2204 sic
576 2163 752 2204 erraremus
775 2144 806 2205 et
829 2141 884 2205 isti

139 2229 252 2293 Errori
275 2250 391 2293 nomen
414 2229 515 2292 virtus
538 2230 698 2312 posuisset
719 2228 897 2293 honestum.

140 2316 265 2381 Act
210 2321 265 2400 pat
266 2339 301 2380 er
323 2319 360 2379 ut
374 2316 484 2467 gnati,
507 2316 553 2381 sic
576 2339 634 2381 nos
658 2315 822 2400 debemus,
846 2317 940 2382 amici

142 2403 310 2488 Siquod
285 2408 328 2468 sit
350 2405 478 2488 v1tium,
500 2427 565 2469 non
587 2405 743 2469 fastidire:
768 2405 952 2469 strabonem

87 2510 122 2558 45
141 2492 293 2575 Appellat
314 2496 443 2575 paetum
465 2497 521 2577 pat
523 2515 571 2576 er,
593 2497 626 2557 et
647 2492 785 2576 pullum,
807 2493 889 2557 male
912 2515 1027 2577 parvus

142 2579 229 2644 Sicui
251 2580 337 2644 filius
361 2585 422 2665 est,
444 2585 481 2644 ut
504 2581 666 2645 abortivus
689 2581 752 2644 fuit
775 2580 852 2644 olim

142 2667 311 2753 Sisyphus3
333 2668 419 2733 hunc
440 2691 552 2732 varum
575 2669 719 2733 distortis
743 2669 901 2752 cruribus,
919 2667 1011 2734 illum

140 2755 286 2820 Balbutit
308 2779 469 2840 scaurum,
490 2757 597 2840 pravis
620 2757 737 2820 fultum
760 2756 842 2820 male
865 2756 949 2820 talis.

140 2844 271 2909 Parcius
293 2845 346 2909 hic
368 2846 461 2909 vivit:
483 2845 570 2929 frugi
593 2845 723 2910 dicatur.
764 2843 896 2927 Ineptus

88 2951 121 2999 ιι)
140 2933 185 2996 Et
207 2933 376 2998 iactantior
396 2933 450 2997 hic
471 2933 624 3016 paullost:
648 2933 819 2997 concinnus
843 2932 954 2996 amicis

141 3020 306 3085 ιΡοειιιιιιι
328 3025 365 3085 ut
386 3019 539 3085 videatur.
579 3019 625 3084 At
648 3025 696 3085 est
718 3020 929 3085 truculentior
951 3025 1045 3105 atque

139 3108 218 3173 Plus
242 3131 341 3193 aequo
363 3109 458 3173 liber:
483 3108 619 3192 simplex
640 3109 796 3192 fortisque
818 3109 983 3173 habeatur.

141 3197 268 3262 Caldior
291 3201 352 3262 est:
376 3220 462 3262 acres
485 3198 569 3262 inter
590 3201 782 3261 numeretur.
824 3194 959 3281 Opinor,

139 3285 227 3351 Haec
250 3307 300 3350 res
323 3289 355 3349 et
377 3286 496 3370 iungit,
519 3286 645 3351 iunctos
668 3289 700 3349 et
723 3289 828 3350 servat
850 3286 978 3349 amicos.

88 3390 121 3439 55
139 3373 186 3438 At
208 3395 266 3438 nos
288 3373 424 3438 virtutes
448 3374 534 3457 ipsas
556 3374 744 3439 invertimus
768 3378 863 3457 atque

141 3461 306 3527 Sincerum
330 3462 475 3544 cupimus
497 3485 553 3528 vas
576 3463 760 3526 incrustare.
800 3461 926 3526 Probus
950 3461 1022 3545 quis

138 3550 316 3617 Nobiscum
339 3550 432 3632 vivit,
453 3550 591 3615 multum
615 3550 770 3614 demissus
792 3549 889 3614 homo
912 3547 981 3616 iliez
