2370 4028
488 263 596 318 LIBER
613 261 634 319 I.

189 405 269 471 Iliae
293 407 368 470 dum
392 428 425 471 se
447 408 584 472 nimium
607 407 753 492 querenti

191 494 294 559 Iactat
316 495 468 578 ultorem,
491 516 593 580 vagus
616 499 649 561 et
671 496 801 559 sinistra

189 582 326 646 Labitur
348 583 419 666 ripa
439 582 516 648 Iove
538 605 603 648 non
626 584 781 669 probante
803 604 837 648 u·

260 692 371 735 xorius
394 693 505 735 amms.

189 818 311 884 Audiet
333 820 418 884 cives
441 819 587 886 †aeuisee
608 821 743 904 ferrum,

190 907 260 984 Quo
285 928 398 992 graves
419 906 535 972 Persae
558 908 672 973 melius
695 908 850 992 perirent,

189 995 310 1060 Audiet
332 1015 457 1080 pugnas
479 997 559 1060 vitio
582 1001 751 1081 parendum

259 1083 345 1147 Rara
367 1084 523 1148 iuventus.
619 1157 625 1169 ‚

190 1232 292 1309 Quem
314 1237 408 1298 vocet
430 1234 540 1297 divum
561 1233 700 1317 populus
723 1234 845 1298 ruentis

189 1319 309 1405 Imperi
331 1321 448 1386 rebus?
489 1321 586 1386 Preee
611 1343 674 1405 qua
694 1321 833 1406 fatigent

190 1408 342 1494 Virgines
365 1413 492 1475 sanetae
514 1410 621 1474 minus
645 1409 825 1474 audientem

239 1496 388 1562 Carmina
409 1496 564 1562 Vestam?

192 1646 251 1712 Oui
275 1646 363 1711 dabit
385 1652 493 1730 partes
517 1647 620 1711 scelus
643 1646 792 1729 expiandi

189 1735 356 1820 Iuppiter?
396 1734 537 1799 Tandem
559 1735 682 1818 venias,
704 1756 885 1819 precamur,

189 1823 284 1889 Nube
308 1823 477 1888 eandeniee
499 1844 627 1886 umeros
650 1823 799 1907 amietm,

259 1909 374 1996 Augur
395 1910 527 1995 Apoll03

191 2060 264 2126 Sive
287 2065 323 2126 tu
345 2061 460 2144 mavia,
482 2059 624 2142 Erycina
645 2060 766 2142 ridenS,

190 2148 292 2226 Quam
315 2147 408 2214 Iocus
432 2148 551 2213 eireum
573 2148 662 2212 volat
684 2151 717 2213 et
739 2146 876 2232 Cupid03

190 2236 264 2303 Sive
286 2237 468 2322 neglectum
491 2257 592 2320 genus
615 2239 649 2300 et
665 2240 798 2319 nepotes

259 2325 419 2409 Respicis7
441 2328 565 2407 auetor,

188 2474 261 2541 Heu
283 2475 381 2539 nimis
402 2473 500 2558 longo
524 2473 638 2538 satiate
660 2472 750 2558 ludo,

190 2563 292 2640 Quem
314 2563 404 2628 iuvat
427 2563 547 2627 clamor
569 2562 739 2647 galeaeque
761 2561 848 2626 leves

187 2651 272 2717 Acer
295 2654 327 2715 et
348 2650 449 2716 Marsi
471 2649 589 2734 peditis
611 2655 777 2715 eruendum

259 2738 378 2804 Voltus
402 2740 436 2803 in
459 2739 593 2803 hostem.

190 2885 264 2953 Sive
286 2890 410 2952 mutata
432 2887 577 2951 iuvenem
599 2888 704 2972 figura

188 2975 266 3040 Ales
288 2975 323 3040 in
345 2975 440 3039 terris
462 2975 613 3060 imitaris,
636 2976 737 3039 almae

188 3063 291 3128 Filius
313 3063 430 3147 Maiae,
452 3063 576 3147 patiens
599 3064 705 3128 vocari

260 3150 404 3217 Caesarie
426 3151 526 3215 ultor:

190 3308 286 3376 Serus
309 3310 344 3375 in
367 3309 488 3376 eaelum
511 3310 633 3393 redeas,
657 3309 774 3393 diuque

187 3399 306 3463 Laetus
330 3399 458 3464 intersis
481 3398 600 3482 populo
624 3396 763 3482 Quirini,

187 3485 278 3553 Neve
301 3490 333 3551 te
355 3487 475 3552 nostrie
497 3486 586 3550 vitiis
609 3485 755 3570 iniquum

260 3573 355 3640 Ocior
377 3597 454 3639 aura
