2386 4020
47 244 153 319 inm]
488 244 598 300 amns
614 245 635 299 1.
998 245 1064 311 213

48 387 90 455 In
114 388 244 472 culpast
266 387 405 472 animus,
428 388 485 471 qui
507 410 541 454 se
563 410 629 453 non
652 389 766 474 cffugit
788 389 963 473 umquam]

50 476 122 543 '‘Tu
143 476 356 543 mediastinus
379 476 477 541 tacita
498 498 591 561 prece
614 498 690 541 rura
711 477 855 561 petebas,
1077 529 1080 535 .

49 563 151 631 Nunc
172 565 286 631 urbem
308 567 342 629 et
362 563 457 629 ludos
480 569 512 629 et
534 564 648 630 balnea
669 565 783 630 vilicus
806 570 912 650 optas,
1083 581 1115 630 15

51 652 108 719 Me
132 656 279 720 constare
300 651 383 717 mihi
405 652 468 718 scis
491 657 523 718 et
546 652 706 719 discedere
728 654 868 738 tristem,

55 740 328 826 Quandocumque
350 739 484 805 trahunt
505 741 610 806 invisa
632 742 763 826 negotia
784 741 929 807 Romam.

53 828 134 896 Non
154 830 263 895 eadem
284 829 452 915 miramur,
475 831 530 895 'seo
554 829 753 895 disconvenit
775 831 860 894 inter

55 916 173 1003 Meque
195 923 227 984 et
248 922 294 983 te:
317 939 391 982 nam
415 940 496 1002 quae
520 918 644 982 deserta
667 923 699 983 et
721 918 885 1003 inhospita
906 922 1020 1002 tesqua

59 1004 181 1091 Credis,
202 1027 336 1072 amoena
356 1010 464 1090 vocat,
485 1028 609 1071 mecum
633 1007 689 1091 qui
712 1007 823 1090 sentit,
846 1010 878 1071 et
901 1007 981 1091 odit,
1080 1021 1114 1070 20

10 1126 16 1159 ι.
61 1092 148 1170 Quas
167 1098 204 1160 tu
225 1093 361 1179 pulchra
382 1098 486 1178 putas.
526 1093 647 1159 Fornix
669 1095 730 1159 tibi
753 1099 785 1159 et
807 1098 904 1159 uncta
925 1095 1044 1178 popina

62 1178 221 1249 Incutiunt
241 1182 333 1247 urbis
356 1182 562 1267 desiderium,
584 1183 691 1267 video,
714 1187 746 1248 et
769 1183 856 1268 quod

20 1292 23 1297 ·
66 1267 204 1356 Angelus
226 1271 289 1337 iste
310 1271 393 1336 feret
414 1271 506 1355 piper
527 1276 561 1336 et
582 1275 635 1335 tus
658 1272 747 1335 ocius
769 1294 844 1356 uva,

67 1354 131 1423 Nec
149 1359 252 1424 vicina
274 1359 385 1424 subest
405 1359 518 1423 vinum
539 1360 690 1444 praebere
713 1360 846 1424 taberna

73 1442 149 1521 Quae
167 1448 270 1532 possit
291 1447 367 1531 tibi,
389 1469 448 1512 nec
469 1448 622 1512 meretrix
644 1448 789 1532 tibicina,
812 1448 902 1513 cuius
1080 1479 1112 1511 „a

75 1530 119 1599 lt
137 1536 302 1621 strepitum
325 1535 420 1601 salias
444 1540 546 1601 terrae
569 1536 689 1621 gravis,
712 1540 874 1600 ettamen
896 1558 1013 1621 urgues

76 1616 249 1707 lsnpridem
271 1646 337 1689 non
358 1627 446 1688 tacta
465 1623 629 1709 ligonibus
652 1646 727 1688 arva
749 1624 926 1708 bovemque

78 1704 261 1779 Disiunctum
285 1733 376 1778 curas
399 1716 432 1777 et
454 1712 575 1777 strictis
596 1712 763 1777 frondibus
786 1712 903 1797 exples.

81 1792 160 1865 Addit
179 1822 260 1885 opus
281 1800 377 1886 pigro
398 1800 501 1884 rivus,
524 1801 552 1865 si
575 1800 693 1865 decidit
714 1800 831 1885 imber,

81 1878 163 1952 llulta
181 1888 265 1954 mole
288 1888 448 1954 docendus
471 1888 578 1972 aprico
601 1910 728 1973 parcere
750 1893 852 1972 prato.
1078 1906 1112 1954 30

82 1966 155 2040 llunc
173 1997 244 2063 age,
268 1976 346 2061 quid
366 1981 513 2042 nostrum
536 1981 724 2042 concentum
747 1976 881 2061 dividat,
904 1978 985 2041 audi.

85 2053 161 2132 tuem
180 2069 293 2131 tenues
316 2064 447 2130 decuere
470 2069 564 2150 togae
586 2065 888 2150 nitidique-capilli,

85 2141 243 2221 limacis
266 2153 431 2218 inmunem
454 2151 587 2217 Cinarae
609 2153 768 2237 placuisse
791 2154 911 2239 rapaci,

85 2228 326 2308 tunsionum
347 2241 464 2326 liquidi
486 2242 591 2306 media
613 2241 652 2306 de
674 2242 745 2307 luce
767 2241 906 2328 Falerni,

85 2316 145 2392 Cena
163 2329 268 2396 brevis
291 2330 381 2394 iuvat
404 2334 437 2395 et
457 2352 557 2415 prope
579 2331 684 2394 rivum
708 2352 839 2396 somnus
862 2331 896 2395 in
917 2331 1029 2416 herba3
1077 2347 1111 2396 35

82 2402 130 2481 llec
147 2416 260 2484 lusisse
282 2417 394 2503 pudet,
418 2419 474 2483 sed
496 2440 561 2484 non
583 2418 721 2483 incidere
743 2418 864 2484 ludum.

81 2491 134 2569 lton
153 2506 225 2572 istic
248 2506 380 2590 obliquo
404 2506 496 2572 oculo
519 2529 589 2571 mea
612 2507 778 2571 commoda
800 2508 970 2591 quisquam

79 2580 174 2681 triac,
194 2616 261 2661 non
284 2594 357 2660 odio
381 2594 517 2660 obscuro
539 2616 711 2679 morsuque
733 2599 881 2680 venenat,

76 2668 174 2749 Rident
193 2683 293 2748 vicini
335 2682 444 2748 laebas
467 2687 500 2748 et
522 2705 599 2748 saxa
620 2687 802 2749 moventem

76 2760 136 2835 tbn
157 2772 267 2839 servis.
307 2703 439 2836 lrbana
462 2771 562 2836 diaria
584 2772 694 2837 rodere
716 2773 832 2856 mavis,
1076 2792 1110 2841 40

69 2848 178 2925 Horum
200 2864 237 2925 tu
260 2859 295 2924 in
317 2881 485 2925 numerum
507 2865 584 2925 voto
607 2860 688 2945 ruis,
711 2860 833 2925 invidet
855 2882 949 2925 usum

64 2942 229 3036 lignorum
252 2951 285 3013 et
306 2948 430 3033 pecoris
453 2948 515 3012 tibi
538 2948 606 3013 calo
630 2953 764 3034 argutus
788 2954 820 3013 et
841 2948 936 3014 horti.

60 3032 150 3125 Optat
172 3036 326 3122 ephippia
347 3037 406 3101 bos
429 3037 534 3121 piger,
557 3040 649 3121 optat
672 3059 760 3101 arare
783 3037 938 3123 caballus,

54 3126 152 3207 Quam
176 3125 240 3191 scit
263 3127 410 3210 uterque,
432 3125 551 3210 libens,
574 3126 722 3211 censebo,
746 3130 890 3192 exerceat
913 3130 1022 3192 artem.
