2370 4028
51 191 249 265 vmvmi]
497 194 605 248 amna
623 195 644 249 1.
1054 194 1078 257 9

60 336 129 401 Cur
152 358 255 422 neque
278 336 434 402 militares
1058 355 1077 402 a

107 424 198 490 Inter
220 425 367 510 aequales
391 427 528 510 equitat,
552 425 754 491 Gallicanae
776 426 897 511 lupatis

59 513 235 598 Temperat
257 535 313 578 ora
334 513 456 578 frenis?

109 601 175 666 Gur
197 602 290 666 timet
312 602 431 666 flavum
453 602 597 668 Tiberim
620 603 773 688 tangere?
814 602 878 667 Cur
900 603 1020 667 olivum

62 750 227 836 Sanguine
249 751 393 835 viperino

109 838 242 904 Cautius
264 841 360 924 vitat,
382 861 485 924 neque
508 840 572 904 iam
595 840 695 904 livida
717 845 822 926 gestat
845 841 943 906 armis
1041 857 1077 905 10

59 928 232 1012 Bracchia,
255 949 348 1012 saepe
372 927 474 1012 disco,

109 1014 211 1100 Saepe
234 1019 324 1080 trans
346 1017 444 1080 finem
467 1015 571 1103 iaculo
594 1017 713 1081 nobilis
737 1016 908 1100 expedito?

61 1164 149 1241 Quid
170 1164 263 1247 latet,
286 1167 324 1228 ut
345 1164 488 1229 marinae

106 1252 227 1316 Filium
251 1252 362 1316 dicunt
383 1251 529 1317 Thetidis
553 1254 612 1317 sub
635 1254 805 1319 lacrimosa
826 1254 940 1319 Troiae

59 1341 202 1424 Funera,
224 1363 264 1404 ne
286 1339 389 1404 virilis
1041 1360 1076 1407 15

108 1428 223 1494 Cultus
246 1429 280 1492 in
304 1429 431 1493 caedem
454 1433 487 1493 et
509 1429 624 1513 Lycias
646 1432 825 1515 proriperet
848 1430 1011 1495 catervas?

518 1876 624 1942 VIIII.

197 1999 296 2065 Vides
319 2006 357 2065 ut
379 2000 444 2065 alta
467 2005 531 2065 stet
553 2003 626 2066 nive
650 2002 819 2066 candidum

198 2087 341 2173 Soracte,
363 2111 422 2154 nec
444 2089 508 2153 iam
531 2091 711 2154 sustineant
734 2112 814 2154 onus

243 2175 349 2241 Silvae
371 2176 568 2262 laborantes,
590 2178 728 2263 geluque

284 2263 435 2329 Flumina
458 2266 661 2330 constiterint
684 2271 786 2331 acuto.

196 2413 345 2479 Dissolve
367 2415 471 2500 frigus
493 2415 582 2500 ligna
605 2438 701 2499 super
722 2417 794 2482 foco
1059 2434 1076 2482 5

196 2503 299 2588 Largo
322 2525 479 2587 reponens
498 2508 598 2587 atque
620 2504 792 2590 benignius

240 2590 401 2675 Deprome
425 2591 626 2675 quadrimum
651 2591 783 2676 Sabina,

290 2677 326 2743 ,0
349 2679 552 2764 Thaliarche,
574 2703 698 2746 merum
722 2682 817 2746 diota.

195 2828 351 2894 Permitte
375 2829 457 2893 divis
481 2834 600 2914 cetera,
624 2831 680 2914 qui
703 2830 800 2895 simul

197 2915 346 2982 Stravere
368 2920 481 2981 ventos
505 2940 641 3003 aequore
664 2918 786 2983 fervido
1043 2937 1075 2985 10

239 3004 496 3090 Deproeliantes,
519 3028 577 3071 nec
600 3007 742 3090 cupressi

283 3093 352 3159 Nec
375 3098 498 3159 veteres
523 3095 686 3180 agitantur
709 3095 789 3158 omi.

196 3242 281 3319 Quid
303 3243 347 3308 sit
368 3244 515 3308 futurum
539 3267 622 3328 crae,
644 3245 720 3330 fuge
745 3267 895 3329 quaerere
919 3251 951 3311 et

196 3330 299 3407 Quem
321 3331 402 3396 Fors
426 3333 549 3397 dierum
574 3355 709 3417 cumque
733 3333 834 3420 dabit,
856 3332 946 3398 lucro

240 3419 376 3504 Adpone
398 3443 457 3486 nec
481 3421 588 3485 dulces
612 3443 736 3486 amores
1043 3439 1076 3487 15

286 3507 421 3594 Sperne,
443 3532 535 3594 puer,
558 3531 660 3593 neque
683 3513 720 3575 tu
744 3510 890 3596 choreas,
