2370 4028
499 183 696 243 OARMINVM

578 467 618 535 V.

251 592 346 659 Caelo
370 597 535 658 tonantem
558 593 751 658 credidimus
773 591 886 660 Iovem

248 683 410 768 Regnare3
431 703 581 766 praesens
605 680 698 747 divus
720 681 895 748 habebitur

293 770 462 855 Augustus
486 769 617 835 adiectis
640 770 804 835 Britannis

337 857 477 943 Imperio
500 857 716 944 gravibusque
737 858 855 923 Persis.

250 1034 384 1099 Milesne
408 1032 515 1099 Crassi
538 1034 673 1119 coniuge
695 1034 832 1099 barbara

250 1123 367 1206 Turpis
390 1123 525 1187 maritus
548 1123 631 1187 vixit
652 1127 685 1187 et
706 1122 863 1208 hostium,

293 1211 357 1275 Pro
381 1210 469 1275 curia
490 1210 672 1295 inversique
694 1212 813 1276 mores!

339 1297 513 1364 consenuit
535 1320 717 1364 socerorum
740 1299 775 1364 in
797 1299 896 1364 armis

250 1473 316 1540 Sub
340 1495 414 1560 rege
437 1473 532 1540 Medo
554 1473 681 1540 Marsus
704 1479 737 1539 et
758 1473 900 1562 Apulus,

249 1562 450 1628 Anciliorum
473 1567 505 1628 et
527 1564 665 1628 nominis
689 1567 722 1628 et
744 1567 838 1648 togae

293 1649 421 1716 Oblitus
445 1655 654 1736 aeternaeque
676 1648 808 1735 Vestae,

338 1738 495 1805 Incolumi
517 1738 593 1805 Iove
617 1744 649 1804 et
671 1740 750 1805 urbe
772 1739 898 1805 Roma?

247 1915 320 1981 Hoc
343 1919 469 1980 caverat
490 1937 580 1980 mens
602 1916 737 1999 provida
757 1914 876 2001 Reguli

248 2003 476 2069 Dissentientis
499 2003 738 2069 condicionibus

291 2092 407 2156 Foedis
430 2096 463 2156 et
485 2091 630 2176 exemplo
653 2091 794 2157 trahenti

336 2180 515 2244 Perniciem
537 2181 667 2245 veniens
690 2181 724 2244 in
747 2202 874 2266 aevum,

249 2354 284 2421 Si
306 2377 371 2420 non
392 2356 513 2440 perires
536 2357 776 2442 inmiserabilis,

249 2442 382 2528 Captiva
403 2445 513 2528 pubes.
555 2443 668 2529 ‘Signa
690 2465 749 2530 ego
772 2444 904 2511 Punicis
961 2524 963 2528 Α

290 2531 408 2598 Adfixa
431 2532 572 2597 delubris
596 2537 628 2597 et
650 2553 739 2597 anna
780 2606 783 2612 ¹

335 2620 495 2686 Militibus
518 2621 587 2686 sine
610 2621 716 2686 caede’
740 2621 822 2686 dixit

247 2797 400 2881 ‘Derepta
421 2796 501 2880 vidi,
523 2796 591 2861 vidi
614 2818 673 2882 ego
698 2797 815 2862 civium

245 2885 381 2950 Retorta
403 2889 495 2972 tergo
517 2884 667 2949 bracchia
688 2885 790 2950 libero

289 2972 467 3058 Portaaque
489 2994 555 3036 non
578 2973 702 3038 clausas
725 2978 758 3038 et
781 2996 856 3038 arva

333 3060 437 3126 Marte
460 3061 523 3126 coli
545 3060 700 3147 populata
721 3066 840 3127 nostro.

244 3235 334 3301 Auro
357 3258 510 3320 repensus
533 3237 657 3303 scilicet
679 3237 782 3303 acrior

244 3324 339 3390 Miles
361 3324 487 3390 redibit.
527 3325 667 3411 Flagitio
692 3325 808 3391 additis

288 3411 464 3477 Damnum:
486 3436 590 3499 neque
613 3414 747 3479 amissos
771 3413 892 3480 colores

332 3500 421 3565 Lana
443 3502 542 3567 refert
564 3503 721 3568 medicata
742 3502 831 3588 fuce,
