2370 4028
62 193 156 265 mu]
456 195 564 249 nmen
581 195 601 250 1.
994 199 1034 262 11

503 372 558 437 XI.

61 520 71 562 1
90 520 130 562 ne
150 496 337 581 quaesieriS,
356 496 437 560 scire
456 497 559 581 nefas,
579 520 674 582 quem
692 499 787 582 mihi,
807 521 902 583 quem
920 500 982 564 tibi

60 608 134 650 nem
158 586 191 648 di
214 585 372 668 dederint,
394 584 576 670 Leuconoe,
599 609 658 651 nec
680 587 876 670 Babylonios

61 674 203 758 imptaris
222 695 381 737 numeros.
415 671 461 737 Vt
478 674 608 758 melius,
628 675 784 759 quidquid
803 676 877 760 erit,
899 676 981 760 pati,

61 785 86 827 =u
109 763 217 846 plures
240 760 363 826 hiemes
387 783 443 826 seu
467 763 582 827 tribuit
604 761 751 847 Iuppiter
773 763 935 848 ultimam,

61 925 110 968 rae
132 925 218 967 nunc
242 903 398 987 oppositis
422 903 569 967 debilitat
591 904 773 987 pumicibus
795 927 882 969 mare
1017 922 1034 968 5

61 991 232 1056 rrrhenum.
275 989 400 1076 Sepias,
423 991 499 1055 vina
520 991 637 1075 liques,
661 995 694 1056 ct
716 993 820 1077 spatio
843 993 931 1057 brevi

61 1103 119 1145 tem
134 1080 266 1164 longam
282 1102 412 1144 reseces.
443 1079 530 1143 Dum
544 1079 719 1165 loquimur,
737 1081 858 1166 fugerit
871 1081 980 1145 invida

61 1173 133 1233 etas:
158 1189 251 1252 carpe
270 1168 368 1252 diem,
392 1190 488 1252 quam
506 1169 676 1232 minimum
695 1169 823 1234 credula
839 1174 980 1254 postero.

491 1499 563 1565 ΧΠ.

132 1627 235 1704 Quem
257 1625 362 1689 virum
388 1628 444 1688 aut
465 1623 564 1689 heroa
585 1625 657 1707 lyra
679 1625 731 1690 vel
753 1627 819 1691 acri

131 1715 226 1779 Tibia
248 1713 348 1777 sumis
372 1712 544 1797 celebrare,
569 1711 660 1778 Clio?

132 1803 235 1880 Quem
259 1801 374 1866 deum?
416 1799 514 1865 Cuius
537 1802 658 1866 recinet
680 1802 787 1866 iocosa

179 1890 307 1956 Nomen
329 1890 436 1974 imago

130 2031 200 2098 Aut
222 2032 256 2095 in
278 2029 439 2095 umbrosis
460 2029 626 2095 Heliconis
650 2031 714 2095 oris
1015 2050 1030 2098 5

131 2119 201 2186 Aut
224 2141 320 2203 super
341 2118 444 2183 Pindo
468 2118 613 2203 gelidove
636 2119 670 2182 in
692 2119 837 2184 Haemo?

131 2209 225 2274 Vnde
248 2207 391 2272 vocalem
414 2209 532 2271 temere
556 2207 718 2272 insecutae

181 2295 309 2380 Orphea
330 2295 442 2379 silvae,

133 2437 227 2523 [Arte
249 2441 394 2502 materna
416 2437 544 2521 rapidos
566 2440 744 2501 morantem

131 2526 317 2590 Fluminum
338 2525 449 2609 lapsus
472 2525 652 2608 celeresque
674 2530 800 2610 ventos,
997 2544 1030 2592 10

131 2615 292 2679 Blandum
311 2617 343 2678 et
366 2614 486 2678 auritas
508 2614 627 2678 fidibus
651 2615 775 2679 canoris

179 2702 304 2767 Ducere
327 2702 486 2787 quercus]

133 2843 218 2920 Quid
239 2843 330 2927 prius
354 2843 458 2907 dicam
481 2843 586 2907 solitis
608 2843 751 2928 parentis

130 2932 308 3016 Laudibus,
331 2932 460 3015 quires
482 2930 650 2996 hominum
673 2954 710 2996 ac
732 2932 878 3016 deorum,

133 3019 195 3097 Qui
218 3042 305 3085 mare
328 3024 360 3085 et
383 3023 484 3083 terras
507 3021 668 3104 variisque
690 3020 845 3084 mundum
997 3039 1030 3087 15

181 3107 350 3192 Temperat
372 3107 483 3172 horis?

131 3248 224 3314 Vnde
246 3249 294 3314 nil
316 3250 419 3314 maius
443 3254 614 3335 generatur
636 3250 720 3334 ipso,

131 3338 201 3404 Nec
222 3338 311 3423 viget
335 3338 507 3422 quicquam
530 3338 634 3403 simile
658 3342 714 3402 aut
736 3338 918 3403 secundum.

130 3427 300 3491 Proximos
324 3427 372 3491 illi
395 3431 503 3491 tamen
527 3428 693 3511 occupavit

178 3515 285 3580 Pallas
308 3514 459 3599 honores,
995 3533 1029 3581 20
