2370 4028
447 228 562 284 LIBER.

90 373 136 438 Vb
158 373 237 437 haec
259 372 410 436 trementi
433 376 564 456 questus
588 394 642 437 ore
665 373 811 438 conscidit

134 459 321 546 Insignibus
344 459 445 544 raptis
467 482 559 544 puer,

90 548 215 634 lupube
237 569 367 632 corpus,
390 547 484 632 quale
505 552 616 632 posset
638 548 725 632 inpia

135 635 263 701 Mollire
286 635 445 700 Thracum
468 639 610 720 pectora:

92 725 239 810 Canidia,
260 724 412 788 brevibus
433 722 586 808 inplicata
607 724 726 808 viperis

137 812 247 877 Crines
271 816 303 876 et
325 812 523 896 incomptum
546 815 654 896 capul,

92 900 187 966 Iubet
210 899 365 984 sepulcris
388 900 554 984 caprificos
577 904 697 985 erutas,

136 987 232 1053 Iubet
254 1009 421 1072 cupressos
443 987 593 1053 funebres

72 1077 138 1162 ‚Et
160 1080 257 1141 uncta
278 1076 383 1159 turpis
406 1097 466 1140 ova
488 1097 583 1140 ranae
606 1076 761 1161 sanguine

138 1164 349 1248 Plumamque
371 1167 545 1228 nocturnae
568 1164 678 1249 strigis

92 1252 296 1337 Herbasque,
318 1273 398 1335 quas
420 1249 524 1317 Iolcos
548 1255 643 1336 atque
665 1251 800 1316 Hiberia

138 1339 242 1404 Mittis
264 1360 458 1404 venenorum
479 1339 583 1423 ferax,

92 1429 139 1494 Et
163 1450 236 1493 ossa
258 1428 297 1492 ab
321 1448 375 1492 ore
398 1430 491 1511 rapta
511 1427 635 1492 ieiunae
659 1427 746 1492 canis

138 1515 292 1580 Flammis
316 1515 407 1580 aduri
430 1514 595 1580 Colchicis.

93 1603 141 1669 Aa
163 1603 311 1688 expedita
333 1602 471 1688 Sagana,
493 1625 551 1687 per
572 1606 674 1668 bolam
697 1603 827 1668 domum

141 1690 301 1777 Spargens
323 1690 498 1756 Avernales
522 1712 633 1775 aquas,
887 1707 890 1712 ’

93 1788 216 1853 Horret
238 1788 362 1872 capillis
385 1792 423 1852 ut
444 1788 587 1852 marinus
610 1787 731 1871 asperis

139 1875 284 1942 Echinus
307 1880 363 1941 aut
384 1876 526 1941 Laurens
550 1898 633 1960 aper.

94 1972 221 2038 Abacba
241 1972 331 2037 nulla
352 1970 434 2037 Veia
456 1973 650 2038 conscientia

139 2060 317 2146 Ligonibus
341 2060 429 2124 duris
451 2060 586 2126 humum

94 2157 329 2242 Exhauriebat,
351 2157 516 2242 ingemens
538 2156 715 2240 laboribus,

141 2244 211 2322 Quo
234 2249 344 2329 posset
366 2245 507 2310 infossus
529 2267 608 2329 puer

95 2343 209 2426 Longo
233 2341 283 2406 die
306 2342 356 2406 bis
379 2346 491 2425 terque
513 2345 654 2406 mutatae
678 2341 768 2426 dapis

140 2429 298 2494 †Inemori
320 2428 515 2514 spectacula

96 2526 178 2591 Cum
200 2530 396 2610 prommeret
418 2548 485 2611 ore,
508 2529 662 2610 quantum
686 2530 813 2592 exstant
835 2549 917 2611 aqua

142 2612 303 2698 Suspenso
325 2617 433 2679 mento
457 2636 603 2698 corpora:

95 2711 258 2776 †Exsucba
280 2711 329 2775 ubi
351 2710 492 2775 medulla
514 2714 546 2775 eb
569 2711 693 2775 aridum
715 2711 802 2776 iecur

140 2797 270 2863 Amoris
293 2803 378 2864 esset
399 2798 565 2883 poculum,

95 2894 308 2961 Interminato
332 2917 405 2962 oum
428 2894 526 2960 semel
547 2896 630 2959 fixae
654 2895 724 2960 cibo
775 2891 777 2896 ’

139 2981 359 3049 Iubabuissent
380 2982 527 3068 papulae.

95 3078 173 3146 Non
196 3079 334 3146 defuisse
356 3079 515 3146 masculae
537 3079 681 3145 libidinis

140 3167 378 3234 Ariminensem
398 3167 523 3233 Foliam

95 3264 142 3328 Ec
165 3265 269 3330 otiosa
292 3265 427 3330 credidit
448 3263 602 3349 Neapolis

139 3351 186 3416 Et
208 3374 302 3418 omne
324 3353 466 3418 vicinum
489 3353 654 3438 oppidum;

95 3447 185 3526 Quae
208 3449 313 3515 sidera
335 3454 503 3516 excantata
524 3471 601 3515 voce
624 3449 778 3517 Thessala

138 3536 327 3623 Lunamque
351 3538 438 3604 caelo
461 3538 585 3622 deripit.
