2370 4028
83 243 147 307 100
371 200 375 207 ¹
487 236 692 294 carum

552 414 625 481 VIL

147 543 312 626 Diffugere
334 542 439 624 nives,
461 539 598 603 redeunt
619 539 686 603 iam
713 543 875 626 gramina
895 541 989 627 campis

192 629 435 713 Arboribusque
459 648 580 712 comae3

148 717 255 782 Mutat
277 722 364 782 terra
385 716 472 781 vices
495 719 529 779 et
551 715 778 781 decrescentia
799 718 894 803 ripas

191 805 342 870 Flumina
364 807 581 889 praetereunt3

102 972 118 1020 c
151 953 261 1020 Gratia
284 975 356 1019 cum
379 951 542 1037 Nymphis
565 951 775 1038 geminisque
798 956 960 1022 sororibus

192 1043 317 1108 Ducere
339 1041 426 1106 nuda
449 1040 572 1105 choros.

150 1130 337 1196 Inmortalia
358 1151 399 1194 ne
422 1150 545 1213 speres,
566 1132 678 1193 monet
700 1151 812 1197 annus
837 1136 874 1197 et
895 1132 991 1197 almum

195 1219 282 1296 Quae
304 1217 492 1302 rapit'hora
514 1217 606 1282 diem.

150 1369 285 1454 Frigora
306 1369 481 1433 mitescunt
503 1364 664 1451 zephyris,
687 1389 747 1432 ver
770 1371 915 1455 proterit
934 1371 1006 1435 aestu

88 1474 120 1522 10
196 1456 385 1540 Interitura,
408 1455 506 1520 simul

151 1545 293 1610 Pomifer
316 1548 489 1608 autumnus
511 1542 621 1628 fruges
644 1543 814 1631 effuderit,
837 1552 874 1612 et
895 1568 964 1613 mox

196 1634 317 1699 Bruma
338 1631 476 1697 recurrit
498 1631 592 1696 iners.

151 1784 278 1848 Damna
300 1786 407 1845 tamen
431 1779 550 1845 celeres
572 1784 724 1864 reparant
745 1782 907 1850 caelestia
925 1784 1006 1863 luuae3

196 1871 266 1937 Nos
287 1869 343 1933 ubi
369 1868 558 1953 decidimus,

89 1978 122 2026 15
154 1960 224 2037 Quo
247 1963 339 2044 pater
360 1956 500 2040 Aeneas,
524 1978 587 2040 quo
610 1955 725 2021 Tullus
747 1956 864 2026 †dives
887 1964 922 2026 et
940 1958 1021 2031 Auru,

197 2047 307 2113 Pulvis
331 2050 363 2110 et
385 2045 500 2109 umbra
522 2066 641 2109 sumus.

153 2197 251 2274 †Quis
273 2195 335 2260 scit
358 2217 399 2259 an
424 2194 567 2258 adiciant
587 2193 760 2261 hodiernae
784 2199 931 2263 crastina

198 2285 355 2368 Tempora
378 2283 412 2346 di
435 2282 567 2366 superi?

155 2373 277 2438 Cuncta
298 2392 413 2435 manus
439 2370 548 2435 avidas
569 2370 696 2455 fugient
716 2370 864 2458 heredis,
887 2374 981 2439 amico

89 2479 123 2527 20
199 2460 286 2538 Quae
310 2459 439 2524 dederis
462 2459 577 2524 animo.

156 2611 236 2677 Cum
259 2609 360 2676 semel
383 2609 537 2674 occideris
560 2613 594 2674 et
617 2609 655 2673 de
676 2612 710 2674 te
732 2607 906 2693 splendida
924 2608 1009 2677 Minu

198 2699 324 2765 Fecerit
347 2697 495 2782 arbitria,

156 2788 244 2872 Non,
267 2787 443 2870 Torquate,
466 2805 581 2870 genus,
603 2807 669 2849 non
691 2788 725 2850 te
747 2784 915 2873 facundia,
935 2784 1024 2853 aaut

199 2876 364 2941 Restituet
385 2874 501 2958 pietas3

90 3042 123 3091 25
155 3024 292 3090 Infernis
315 3045 420 3110 neque
444 3022 529 3087 enim
552 3022 693 3088 tenebris
715 3020 823 3087 Diana
844 3024 990 3110 pudicum

200 3112 332 3178 Liberat
353 3110 583 3196 Hippolytum,

155 3200 225 3266 Nec
246 3198 387 3265 Lethaea
408 3199 494 3263 valet
516 3198 659 3264 Theseus
682 3198 876 3284 abrumpere
898 3224 969 3269 caro

203 3287 342 3353 Vincula
362 3286 518 3353 Pirithoo.

518 3483 677 3492 ——-—-
