2370 4028
334 227 442 282 mam
458 229 479 283 1.
843 230 908 296 209

74 371 157 436 eris?
198 369 282 435 Vivo
306 374 339 436 et
360 392 473 457 regno,
496 371 593 436 simul
615 372 678 436 ista
699 373 828 458 reliqui,

94 459 135 523 ad
157 459 280 523 caelum
303 460 423 524 effertis
445 481 572 525 rumore
595 461 747 545 secundo,
791 522 793 526 Α

73 547 207 612 cerdctis
229 547 387 632 fugitivus
409 547 476 612 libe
497 569 622 613 recuso:

73 658 89 700 ο
112 636 177 700 iam
198 635 303 700 mellit
303 635 331 700 is
353 639 411 719 pot
397 636 478 701 tiore
500 636 627 721 placent
613 636 664 701 t.is
770 712 772 717 y

73 728 174 788 sturae
198 724 226 787 si
249 724 473 789 convenienter
495 728 631 826 oportet·

75 834 116 876 ue
139 812 233 876 domo
257 811 467 913 quaerendast
489 834 562 877 area
582 812 734 896 primum:

94 899 282 964 locumt
224 904 282 983 pot
283 901 382 964 iorem
405 922 478 964 rure
500 900 574 965 beat
576 901 616 965 o?

73 989 139 1072 plus
162 992 292 1072 tepeant
312 987 447 1072 hiemes,
469 988 526 1052 ubi
540 993 620 1140 tgrat
622 989 671 1053 ior
693 1011 770 1053 aure
926 1005 960 1055 15

95 1076 216 1140 rabiem
240 1075 390 1140 (lunist
358 1080 390 1140 et
412 1082 574 1140 momenta
594 1076 726 1160 Leonis,

73 1165 107 1228 ‚el
130 1164 252 1248 accepit
274 1164 374 1228 solem
396 1164 587 1228 furibundus
611 1165 763 1229 acutum?

73 1253 198 1317 divellet
220 1274 349 1318 somnos
371 1253 479 1316 minus
502 1252 611 1317 invida
634 1253 730 1318 cura?

74 1340 205 1424 Libycis
228 1340 292 1406 olet
315 1344 371 1404 aut
393 1341 474 1404 nitet
495 1340 596 1405 herba
617 1341 758 1425 lapillis?

73 1485 75 1492 .
97 1429 176 1493 vicis
200 1451 282 1512 aqua
304 1428 407 1493 tendit
428 1451 575 1512 rumpere
597 1429 765 1512 plumbum
926 1446 960 1495 ιο

73 1539 106 1581 ee
123 1539 181 1600 per
197 1538 334 1600 pronum
352 1516 490 1600 trepidat
508 1539 580 1581 cum
598 1539 761 1583 murmure
779 1519 906 1583 rivum?

73 1609 135 1669 rter
156 1605 260 1669 varias
283 1605 424 1669 nutritur
446 1604 528 1668 silve
550 1605 728 1690 columnas,

73 1716 128 1777 rue
151 1693 277 1777 domus,
299 1693 413 1778 longos
437 1714 517 1777 quae
539 1693 695 1777 prospicit
718 1715 819 1778 agros.

84 1781 224 1865 expelles
245 1781 347 1860 furca,
370 1785 477 1845 tamen
498 1802 600 1865 usque
622 1787 763 1847 recurret

76 1873 261 1953 perrumpet
282 1869 394 1933 furtim
416 1869 546 1933 fastidia
567 1869 692 1934 victrix.

96 1956 226 2022 Sidonio
250 1957 439 2022 contendere
463 1957 596 2022 callidus
619 1961 707 2022 ostro

73 2046 232 2129 quinatem
253 2045 400 2129 potantia
421 2045 540 2110 vellera
560 2046 683 2130 fucum,

73 2133 188 2217 ccipiet
209 2133 359 2197 damnum
381 2134 552 2217 propiusve
575 2133 723 2199 medullis

73 2222 87 2285 i
109 2243 174 2285 ιιοιι
196 2222 316 2305 poterit
336 2243 412 2287 vero
435 2221 630 2307 distinguere
652 2222 778 2287 falsum.

73 2333 80 2374 ι
103 2309 176 2393 plus
199 2309 298 2375 nimio
321 2308 515 2374 delectavere
539 2311 706 2395 secundae,

73 2398 223 2481 quatient.
264 2395 378 2481 Siquid
399 2397 567 2481 mirabere,
589 2420 689 2481 pones

77 2485 167 2570 Fuge
189 2506 317 2570 magna:
340 2484 416 2550 licet
438 2485 497 2549 sub
520 2507 659 2570 paupere
681 2490 767 2553 tecto

87 2594 200 2658 regum
221 2574 290 2638 vita
311 2595 514 2657 praecurrere
537 2573 664 2638 amicos.

73 2683 165 2746 luum
187 2682 295 2746 pugna
317 2661 431 2726 melior
453 2661 674 2726 communibus
696 2661 805 2727 herbis

85 2749 184 2814 donec
206 2750 312 2814 minor
334 2750 368 2814 in
391 2750 562 2814 certamine
583 2749 681 2834 longo

73 2842 81 2902 t
104 2859 180 2921 opes
202 2837 343 2902 hominis
364 2838 553 2922 frenumque
575 2838 703 2922 recepit.

73 2948 162 3009 ruem
183 2927 269 2992 victo
292 2926 398 2991 ridens
422 2926 567 2991 discessit
589 2926 628 2990 ab
651 2925 759 3008 hoste,

73 3019 143 3079 tem
166 3015 274 3116 dorso,
295 3036 360 3078 ιιοιι
382 3014 508 3078 frenum
530 3013 657 3098 depulit
676 3035 738 3078 ore.

73 3103 244 3186 ›auperiem
267 3103 387 3166 veritus
409 3103 533 3186 potiore
556 3105 622 3166 met
608 3101 694 3166 tallis

91 3195 189 3276 caret,
212 3191 376 3255 dominum
398 3189 488 3255 vehit
510 3190 664 3274 inprobus
687 3194 783 3274 etque

73 3283 229 3363 eternum,
252 3279 328 3363 quia
349 3299 448 3362 parvo
470 3278 590 3342 nesciet
613 3278 670 3342 uti.

75 3367 240 3431 conveniet
264 3389 322 3431 sua
343 3388 406 3450 res,
429 3369 466 3430 ut
452 3365 612 3431 tcalceus
636 3366 727 3450 olim,

73 3455 167 3520 maior
190 3456 250 3519 erit
255 3498 273 3539 ,v
286 3455 512 3538 subvertet,
486 3478 514 3520 ιι
535 3454 653 3539 minor,
676 3458 755 3519 uret.

73 3547 131 3608 ›rte
153 3548 210 3608 tua
230 3543 319 3608 rives
342 3543 514 3628 sapienter,
536 3540 653 3628 Aristi,

715 3651 749 3699 14
