2370 4028
63 231 199 302 ‚xxma
408 229 599 317 arenam,

446 513 550 579 XXII.

149 648 311 715 Montium
335 650 442 712 custos
464 667 708 730 nemorumque,
731 646 847 732 Virgo,

151 737 239 814 Quae
261 736 443 800 laborantes
466 739 557 799 utero
580 735 704 820 puellas

150 826 212 890 Ter
234 828 348 889 vocata
370 823 461 887 audis
485 823 662 908 adimisque
685 824 765 907 leto,

195 913 279 977 Diva
301 912 471 995 triformis,

150 1079 326 1145 Imminens
348 1078 444 1144 villae
468 1083 525 1144 tua
545 1079 641 1162 pinus
665 1082 747 1163 esto,

152 1169 254 1244 Quam
276 1189 334 1252 per
356 1171 484 1232 exactos
508 1187 567 1252 ego
590 1166 693 1232 laetus
717 1188 816 1232 annos
900 1217 902 1221 a

151 1256 263 1321 Verris
286 1255 453 1340 obliquum
475 1254 661 1351 meditantis
684 1255 784 1320 ictum

197 1343 359 1429 Sanguine
383 1343 506 1409 donem.

418 1627 578 1636 ——-—--

440 1852 561 1918 XXIII.

177 1985 271 2050 Caelo
294 1986 425 2069 supinas
448 1986 477 2050 si
495 1987 607 2052 tuleris
630 2008 744 2051 manus

175 2073 335 2140 Nascente
357 2074 447 2158 luna,
469 2076 590 2139 rustica
612 2074 761 2159 Phidyle,

222 2161 258 2227 si
279 2165 350 2226 ture
373 2161 510 2246 placaris
533 2163 689 2228 ethome

263 2249 370 2336 Fruge
391 2250 490 2316 Lares
513 2251 668 2337 avidaque
690 2273 799 2336 porca:

174 2415 244 2484 Nec
266 2416 470 2500 pestilentem
494 2417 611 2482 sentiet
632 2415 779 2482 Africum

174 2505 325 2571 Fecunda
345 2505 423 2570 vitis
446 2527 504 2570 nec
526 2505 668 2570 sterilem
691 2527 782 2591 seges

220 2594 414 2678 Robiginem
437 2598 494 2658 aut
517 2593 624 2659 dulces
648 2593 770 2658 alumni

264 2681 426 2747 Pomifero
451 2703 548 2768 grave
570 2687 697 2767 tempus
721 2704 812 2746 anno.

175 2847 262 2916 Nam
285 2870 365 2934 quae
388 2850 488 2914 nivali
509 2850 653 2934 pascitur
674 2847 793 2934 Algido

175 2937 301 3002 Devota
324 2960 459 3022 quercus
482 2937 567 3002 inter
589 2942 622 3004 et
643 2937 732 3002 ilices
971 2955 1005 3002 10

219 3023 289 3091 Aut
312 3027 425 3092 crescit
446 3024 582 3090 Albanis
605 3026 639 3091 in
661 3026 770 3090 herbis

264 3113 421 3199 Victima,
442 3114 633 3200 pontificum
656 3136 781 3179 secures

176 3279 306 3346 Cervice
328 3283 468 3368 tinguet:
491 3286 524 3346 te
546 3281 629 3346 nihil
652 3281 768 3346 attinet

175 3369 345 3454 Temptare
367 3370 470 3435 multa
493 3372 587 3436 caede
608 3370 788 3435 bidentium

219 3457 340 3523 Parvos
364 3463 569 3525 coronantem
592 3459 716 3524 marino
972 3475 1006 3522 15

263 3546 349 3612 Rore
373 3549 449 3613 deos
471 3547 643 3633 fragilique
665 3544 781 3632 myrto.
