2370 4028
88 216 149 280 116
512 213 661 269 EPODON

87 377 119 424 25
151 359 318 423 Labuntur
339 357 413 421 altis
436 358 565 422 interim
587 358 668 441 ripis
692 379 817 444 aquae,

196 447 379 523 Queruntur
401 447 434 509 in
457 446 547 511 silvis
570 468 657 529 aves,

152 535 333 618 Fontesque
355 534 498 618 lymphis
521 535 712 617 obstrepunt
737 536 958 619 manantibus,

197 622 333 688 Somnos
356 623 442 706 quod
465 623 580 687 invitet
601 622 695 686 leves.

152 710 198 775 At
221 733 293 775 cum
315 710 457 788 tonantis
480 732 581 774 annus
604 709 761 774 hibernus
785 709 879 776 Iovis

87 816 121 863 30
196 797 318 863 Imbres
342 799 493 882 nivesque
517 802 683 882 conparat,

153 886 221 951 Aut
244 887 346 951 trudit
368 909 455 951 acres
477 886 553 951 hinc
575 889 607 950 et
629 885 704 949 hinc
728 886 840 952 multa
865 909 938 952 canc

196 973 302 1058 Apros
325 974 359 1038 in
383 975 545 1039 obstantes
568 974 691 1058 plagas,
764 1034 768 1038 .

153 1060 221 1127 Aut
244 1064 339 1126 amite
361 1062 425 1126 levi
447 1085 518 1126 rara
540 1062 643 1126 tendit
665 1062 761 1146 retia,

197 1150 313 1214 Turdis
336 1151 484 1215 edacibus
507 1149 611 1234 dolce,

88 1254 121 1301 35
153 1237 370 1322 Pavidumque
392 1238 532 1322 leporem
556 1243 588 1302 et
610 1238 766 1302 advenam
789 1238 910 1324 laqueo
932 1257 1013 1325 gruen

196 1324 338 1414 Iucunda
361 1330 467 1410 captat
489 1327 637 1410 praemia.

156 1414 233 1490 Quis
256 1436 320 1478 non
342 1414 530 1499 †malarum,
554 1436 632 1497 quas
655 1435 745 1478 amor
770 1436 867 1480 curas
891 1416 986 1496 habet,

196 1501 284 1567 Haec
306 1503 390 1566 inter
413 1502 633 1566 obliviscitur?

154 1589 274 1666 Quodsi
297 1591 412 1674 pudica
434 1590 549 1655 mulier
571 1592 605 1654 in
627 1593 751 1673 partem
775 1591 870 1657 iuvet

88 1694 122 1741 40
197 1678 337 1742 Domum
361 1683 456 1762 atque
481 1679 587 1743 dulces
609 1679 741 1760 liberos,

155 1774 274 1840 Sabina
297 1775 400 1859 qualis
424 1779 480 1839 aut
501 1779 631 1859 perusta
653 1774 776 1838 solibus

196 1863 339 1927 Pernicis
362 1885 443 1927 uxor
465 1863 577 1947 Apuli,

156 1958 287 2025 Sacrum
310 1962 446 2025 vetustis
470 1964 614 2024 exstruat
636 1959 733 2044 lignis
756 1959 870 2026 focum

197 2048 289 2114 Lassi
312 2050 371 2114 sub
396 2049 566 2113 adventum
588 2048 663 2130 viri,

88 2161 121 2208 45
156 2145 375 2228 Claudensque
397 2145 495 2210 textis
519 2145 657 2210 cratibus
679 2143 803 2209 laetum
826 2169 927 2230 pecus

197 2232 346 2296 Distenta
369 2234 466 2299 siccet
487 2233 598 2316 ubera,

153 2328 198 2392 ut
219 2328 322 2393 horna
345 2330 429 2394 dulci
451 2330 527 2394 vina
549 2350 697 2412 promens
721 2328 811 2395 dolio

196 2416 303 2500 Dapes
326 2419 484 2501 inemptas
507 2417 649 2500 adparet:

153 2512 228 2578 Non
250 2535 301 2579 me
324 2514 463 2578 Lucrina
485 2514 624 2577 iuverint
646 2511 816 2596 conchylia

89 2617 122 2664 50
199 2600 344 2686 Magisve
366 2601 521 2666 rhombus
544 2605 599 2665 aut
622 2601 716 2683 scari,

155 2696 271 2782 Siquos
293 2699 372 2763 Eois
396 2699 541 2762 intonata
563 2698 713 2763 fiuctibus

196 2785 331 2871 Hiemps
356 2787 395 2850 ad
416 2786 478 2851 hoc
499 2790 604 2851 vertat
626 2807 725 2869 mare,

153 2881 228 2948 Non
251 2882 331 2947 Afra
354 2884 421 2948 avis
445 2883 614 2949 descendat
637 2883 670 2946 in
692 2885 839 2947 ventrem
863 2905 980 2964 meum,

197 2970 272 3036 Non
296 2976 425 3056 attagen
447 2969 575 3036 Ionicus

89 3083 121 3130 55
154 3065 327 3133 Iucundior
350 3091 446 3152 quam
467 3067 551 3131 lecta
575 3068 612 3131 de
634 3065 859 3150 pinguissimis

199 3154 292 3219 Oliva
313 3158 410 3220 ramis
434 3156 583 3220 arborum

154 3249 222 3315 Aut
244 3251 344 3316 herba
365 3252 489 3337 lapathi
511 3256 603 3335 prata
626 3250 761 3316 amantis
786 3254 819 3314 et
843 3251 936 3336 gravi

200 3338 325 3404 Malvae
348 3341 490 3405 salubres
514 3341 639 3423 corpori

155 3434 217 3499 Vel
241 3456 323 3520 agna
345 3436 436 3502 festis
460 3458 551 3502 caesa
572 3434 809 3500 Terminalibus

89 3540 122 3588 50
198 3522 260 3588 Vel
282 3523 401 3589 haedus
425 3529 552 3608 ereptus
573 3524 659 3608 lupo.
