2370 4028
320 227 426 282 LIBER
444 229 465 283 Ι.
831 231 893 294 145

74 373 119 454 11;
143 371 269 453 sapiens
293 372 397 453 operis
420 372 466 435 sic
489 373 629 455 optimus
652 374 756 437 omnis

72 481 96 541 r,
119 458 207 522 solus
230 458 276 522 sic
298 459 374 522 rex?
414 458 548 524 Vellunt
570 461 631 524 tibi
654 461 785 525 barbam

72 546 143 629 reri,
167 568 247 629 quos
270 549 306 610 tu
328 547 392 611 nisi
413 547 498 612 fuste
522 547 682 632 coherces,

72 634 165 697 turba
188 634 306 698 circum
329 639 361 699 te
385 640 489 699 stante
512 637 670 719 miserque
895 653 945 702 136

87 726 118 784 11
139 721 251 806 latras,
274 743 463 806 magnorum
485 724 623 787 maxime
645 744 764 808 regum.

72 831 96 872 n
118 809 246 874 faciam:
271 810 346 873 dum
368 815 405 874 tu
428 812 602 894 quadrante
624 811 765 876 lavatum

72 919 170 980 neque
193 901 225 962 te
249 898 418 981 quisquam
441 899 578 982 stipator
600 890 743 982 ineptum

72 985 226 1068 rispinum
249 987 438 1070 sectabitur,
461 987 595 1050 etmihi
619 988 725 1052 dulces

72 1130 74 1135 .
98 1074 204 1157 siquid
227 1096 357 1157 peccaro
381 1075 512 1159 stultus,
535 1075 641 1159 amici,
894 1092 945 1140 140

72 1183 116 1224 em
139 1162 268 1226 illorum
291 1163 395 1245 patiar
418 1163 533 1227 delicta
554 1163 704 1247 libenter,

72 1271 102 1312 re
124 1250 228 1334 magis
250 1251 356 1314 vivam
379 1254 411 1315 te
433 1272 508 1336 rege
531 1252 652 1315 beatus.

354 1564 428 1629 ΠΠ.

73 1692 143 1772 tque
167 1686 315 1753 Cratinus
338 1687 633 1772 Aristophanesque
655 1692 768 1772 poetae

73 1827 87 1860 ,,
111 1797 247 1859 quorum
270 1777 433 1841 comoedia
455 1777 560 1859 prisca
581 1778 767 1862 virorumst,

73 1868 89 1927 ,1
112 1864 227 1948 dignus
251 1865 400 1948 describi,
424 1865 509 1948 quod
530 1865 634 1928 malus
657 1887 693 1930 ac
715 1866 780 1950 fur,

73 1950 156 2016 chus
178 1952 261 2016 foret
285 1956 340 2015 aut
363 1953 494 2017 sicarius
518 1957 574 2016 aut
597 1953 716 2036 alioqui

78 2039 181 2103 multa
204 2062 276 2104 cum
297 2040 445 2104 libertate
468 2042 630 2105 notabant.

73 2127 99 2192 is
122 2128 238 2210 pendet
260 2127 416 2212 Lucilius,
438 2127 534 2193 hosce
557 2131 685 2193 secutus

73 2220 171 2279 tntum
194 2216 328 2299 pedibus
351 2216 568 2299 numerisque,
589 2217 725 2301 facetus,

86 2305 185 2387 naris,
210 2304 307 2367 durus
331 2325 507 2387 conponere
529 2326 648 2368 versus.

77 2391 139 2456 hoc
161 2391 310 2455 vitiosus:
333 2391 367 2454 in
388 2390 468 2455 hora
490 2414 583 2475 saepe
607 2392 772 2477 ducentos,

73 2503 119 2563 m,
142 2501 253 2543 versus
277 2480 416 2543 dictabat
439 2484 526 2544 stans
549 2479 628 2562 pede
651 2480 685 2543 in
707 2501 780 2544 uno.
908 2498 941 2546 10

73 2571 102 2632 11
124 2567 316 2651 1111111111,
339 2572 407 2631 erat
429 2567 515 2650 quod
537 2568 649 2631 tollere
671 2567 782 2652 velles3

73 2660 162 2738 atque
185 2656 277 2739 piger
300 2656 458 2719 scribendi
481 2656 563 2720 ferre
585 2656 740 2739 laborem,

74 2747 172 2807 recte:
195 2766 269 2806 nam
291 2747 329 2807 ut
350 2743 501 2827 multum,
523 2743 571 2807 nil
592 2764 707 2807 moror.
747 2743 843 2829 Ecce,

75 2831 208 2895 minimo
231 2854 282 2895 me
305 2836 456 2914 provocat
480 2832 610 2915 eaccipe,
633 2831 661 2894 si
682 2831 746 2915 ris,

73 2919 212 3003 tabulas,
236 2920 328 2983 detur
349 2920 442 2984 nobis
464 2920 567 3003 locus,
589 2918 681 3002 hora,
906 2937 938 2985 11

76 3007 239 3071 videamus
261 3011 332 3072 uter
354 3007 426 3090 plus
449 3008 586 3071 scribere
608 3007 731 3090 possit'

74 3100 207 3178 11111111,
230 3095 334 3178 inopis
357 3117 408 3159 me
431 3096 578 3178 quodque
600 3093 710 3177 pusilli

84 3183 194 3267 animi,
217 3205 288 3247 raro
312 3188 344 3247 et
366 3205 523 3266 perpauca
544 3182 717 3268 loquentis3

74 3270 174 3335 clusas
197 3270 329 3335 hircinis
352 3271 482 3334 follibus
506 3292 611 3354 auras,

74 3363 211 3443 orantes,
235 3360 310 3422 dum
333 3359 452 3423 ferrum
474 3358 599 3422 molliat
622 3359 721 3444 ignis,
902 3375 937 3424 1ο

89 3448 222 3512 imitare.
263 3447 381 3512 Beatus
403 3446 543 3510 Fannius
566 3446 651 3510 ultro

74 3537 133 3620 osis
156 3538 189 3601 et
210 3536 363 3619 imagine,
386 3557 458 3599 cum
480 3557 551 3599 mea
573 3557 666 3599 nemo

692 3642 724 3690 10
