2370 4028
144 218 210 284 202
521 218 778 275 EPISTVLASVM

631 394 671 461 V.

144 518 180 586 Si
202 524 296 604 potes
318 517 484 585 Archiacis
507 518 641 584 conviva
663 518 847 584 recumbere
869 518 963 585 lectis

143 607 213 673 Nec
235 608 360 672 modica
383 629 494 673 cenare
517 607 611 672 times
634 607 705 672 olus
728 628 823 672 omne
844 608 978 692 patella,

146 696 301 780 Supremo
325 701 357 761 te
380 695 447 761 sole
470 695 569 779 domi,
591 694 766 780 Torquate,
788 696 934 761 manebo.

144 784 230 850 Vina
251 785 343 849 bibes
364 784 482 849 iterum
504 783 610 848 Tauro
633 783 750 849 diffusa
769 783 931 867 palustres

107 872 234 938 sInter
254 871 437 937 Minturnas
460 870 752 956 Sinuessanumque
774 871 952 937 Petrinum.

146 960 182 1026 Si
203 961 318 1026 melius
341 960 419 1045 quid
440 959 553 1044 habes,
576 981 698 1025 arcesse
719 959 772 1025 vel
794 960 966 1044 imperium
986 960 1035 1026 fer.

144 1047 323 1113 Iandudum
345 1047 490 1133 splendet
511 1047 602 1112 focus
625 1051 657 1112 et
678 1047 740 1113 tibi
762 1049 884 1113 munda
905 1048 1045 1135 supellex.

143 1137 239 1202 Mitte
261 1137 347 1202 leves
371 1158 443 1220 spes
466 1140 499 1200 et
521 1136 695 1201 certamina
718 1136 904 1204 divitiarum

143 1224 189 1290 Et
210 1224 335 1290 Moschi
358 1247 498 1290 causam:
521 1246 590 1289 cras
613 1228 689 1290 nato
712 1223 846 1292 Caesare
868 1225 969 1291 festus

92 1330 126 1380 10
143 1313 209 1378 Dat
230 1314 356 1377 veniam
379 1334 590 1397 somnumque
612 1313 694 1398 dies3
716 1313 836 1398 inpune
858 1313 969 1379 licebit

144 1400 310 1466 Aestivam
333 1422 477 1466 sermone
499 1401 638 1486 benigno
661 1400 790 1467 tendere
812 1406 949 1467 noctem.

145 1487 216 1566 Quo
239 1489 319 1553 mihi
341 1489 516 1573 fortunam,
539 1490 567 1553 si
589 1511 654 1555 non
677 1489 862 1555 conceditur
884 1489 955 1555 uti?

145 1576 264 1641 Parcus
288 1578 328 1641 ob
350 1576 476 1643 heredis
500 1599 608 1642 curam
630 1577 829 1662 nimiumque
852 1599 981 1644 severus

145 1664 281 1730 Adsidet
302 1666 428 1730 insano:
451 1669 562 1749 potare
585 1669 618 1730 et
640 1686 788 1750 spargere
810 1668 906 1732 flores

92 1752 299 1837 reincipiam
321 1754 488 1838 patiarque
510 1753 562 1818 vel
584 1753 784 1819 inconsultus
805 1752 927 1819 haberi.

144 1840 229 1918 Quid
250 1863 315 1906 non
338 1841 474 1905 ebrietas
498 1841 675 1926 dissignat?
698 1846 810 1925 operta
831 1842 980 1926 recludit,

144 1927 224 2013 Spes
246 1929 336 1994 iubet
359 1951 427 1994 esse
450 1933 550 2014 ratas,
573 1929 613 1993 ad
634 1929 759 2013 proelia·
778 1930 882 1995 trudit
904 1931 1042 2011 incitem,

144 2016 298 2083 Sollicitis
321 2017 437 2082 animis
460 2039 540 2082 onus
563 2017 689 2101 eximit,
712 2017 845 2082 addocet
868 2022 962 2084 artes.

142 2104 283 2171 Fecundi
306 2105 419 2170 calices
443 2127 538 2189 quem
559 2127 624 2170 non
646 2105 748 2171 fecere
772 2106 941 2191 disertum,

87 2211 124 2260 20
143 2193 314 2259 Contracta
337 2215 432 2278 quem
454 2216 519 2259 non
541 2193 575 2257 in
596 2198 784 2278 paupertate
807 2194 972 2260 solutum?

141 2281 230 2346 Haec
253 2301 312 2365 ego
335 2303 505 2364 procurare
528 2285 560 2346 et
581 2281 714 2347 idoneus
737 2283 878 2367 imperor
901 2287 934 2348 et
955 2304 1016 2348 non

141 2368 282 2452 Invitus,
303 2391 343 2433 ne
366 2372 460 2453 turpe
483 2368 579 2453 toral,
601 2392 642 2435 nc
665 2370 794 2435 sordida
814 2393 933 2455 mappa

143 2455 301 2542 Corruget
321 2479 427 2541 nares,
449 2479 490 2523 nc
512 2478 578 2523 non
600 2462 632 2523 et
655 2458 826 2524 cantharus
849 2463 882 2525 et
904 2459 980 2525 lanx

144 2542 298 2610 Ostendat
321 2545 382 2610 tibi
404 2549 449 2630 te,
471 2568 512 2611 ne
534 2546 616 2610 fidos
638 2546 723 2612 inter
745 2547 864 2612 amicos

86 2649 123 2698 25
143 2630 193 2697 Sit
217 2634 273 2718 qui
296 2633 381 2698 dicta
401 2633 487 2698 foras
511 2633 667 2719 eliminet,
690 2639 728 2699 ut
750 2639 840 2700 coeat
861 2657 921 2720 par

141 2719 361 2806 Iungaturque
383 2721 462 2805 pari.
502 2721 637 2787 Butram
660 2722 721 2787 tibi
745 2721 985 2809 Septiciumque

140 2809 186 2873 Et
206 2810 270 2874 nisi
294 2832 371 2874 cena
392 2810 481 2894 prior
502 2810 648 2893 potiorve
670 2810 777 2896 puella
800 2809 956 2877 Sabinum

140 2896 272 2962 Detinet
295 2897 473 2983 adsumam,
495 2897 585 2963 locus
608 2903 658 2964 est
680 2904 713 2964 et
734 2899 882 2984 pluribus
905 2901 1036 2982 umbris,

142 2983 204 3049 Sed
226 2986 323 3050 nimis
346 2989 416 3050 arta
437 2990 588 3071 premunt
610 2987 713 3053 olidae
736 2989 883 3053 convivia
906 3010 1022 3074 caprae.

85 3088 121 3138 80
140 3073 190 3136 Tu
213 3077 331 3158 quotus
354 3096 422 3139 esse
445 3074 525 3139 velis
548 3075 686 3140 rescribe
709 3080 742 3141 et
763 3076 859 3142 rebus
882 3078 1010 3143 omissis

139 3160 234 3226 Atria
256 3166 435 3227 servantem
457 3162 581 3246 postico
604 3163 680 3229 falle
704 3164 861 3230 clientem.
