2370 4028
401 818 782 918 EPODON

513 988 660 1045 LIBER.

574 1148 599 1214 Ι.

216 1274 282 1340 Ibis
304 1273 456 1338 Liburnis
479 1273 563 1337 inter
585 1273 650 1337 elta
671 1274 819 1359 navium,

261 1362 372 1427 Amice
377 1356 659 1446 ‚propugnacula

217 1451 352 1515 Paratus
375 1471 468 1514 omne
492 1448 634 1515 Caesaris
656 1449 839 1532 periculum

262 1537 375 1604 Subire
379 1537 590 1622 ‚Maecenas,
612 1541 678 1601 tuo.

220 1625 303 1703 Quid
325 1648 397 1710 nos,
420 1625 536 1710 quibus
559 1630 591 1691 te
612 1626 680 1690 vita
702 1624 731 1689 si
752 1590 932 1710 superstite

263 1713 417 1797 Iucunda,
440 1714 468 1778 si
491 1717 614 1798 contra,
636 1711 766 1798 gravis?

218 1801 407 1867 Vtrumne
398 1801 479 1866 russi
500 1822 728 1887 persequemur
749 1801 856 1866 otium

261 1890 337 1956 Non
359 1888 450 1954 dulce
471 1890 507 1953 ιιι
529 1894 635 1955 tecum
657 1888 767 1972 simul,

218 1977 271 2042 An
292 1979 378 2043 hunc
399 1977 554 2062 laborem,
577 1980 682 2042 mente
703 1976 817 2061 laturi,
840 1977 932 2042 decet

263 2066 333 2144 Qua
353 2066 436 2130 ferre
458 2087 523 2130 non
545 2065 658 2130 melles
680 2063 789 2130 viros?

218 2153 383 2237 Fercmus‚
406 2158 438 2218 et
460 2158 492 2219 te
514 2152 566 2218 vel
587 2175 645 2237 per
665 2151 800 2235 Alpium
824 2153 904 2238 iuga

262 2240 492 2325 Inhospitalem
516 2245 548 2306 et
570 2239 745 2306 Caucasum

218 2329 281 2395 Vel
303 2330 475 2395 occidentis
497 2350 599 2414 usque
621 2329 662 2392 ad
683 2328 837 2392 ultimum
859 2329 963 2394 sinum

261 2417 352 2483 Furti
374 2439 543 2501 sequemur
565 2420 701 2501 pectore.

219 2506 339 2591 Reges,
361 2509 454 2569 tuum
476 2505 584 2569 labore
608 2505 685 2588 quid
706 2505 813 2568 iuvem
837 2526 925 2589 meo,

262 2592 394 2658 Inbellis
417 2615 453 2657 ac
475 2595 586 2657 firmus
609 2591 743 2676 parum?

220 2680 332 2747 Comes
355 2681 477 2745 minore
500 2703 571 2745 sum
593 2681 721 2745 futurus
743 2679 778 2742 in
800 2684 906 2764 metu,

264 2769 325 2847 Qui
348 2769 451 2833 maior
473 2770 620 2833 absentes
642 2768 752 2832 habet:

219 2856 265 2922 Vt
288 2857 433 2921 adsidens
456 2856 652 2939 inplumibus
674 2855 772 2940 pullis
797 2856 867 2920 avis

264 2943 467 3029 Serpentium
490 2943 639 3027 adlapsus
661 2945 753 3008 timet

219 3032 323 3118 Magis
346 3033 479 3116 relictis,
501 3053 566 3096 non
588 3032 637 3096 uti
660 3032 703 3097 sit
726 3030 826 3094 auxili

262 3121 382 3185 Latura
403 3121 476 3205 plus
499 3120 729 3204 praesentibus.

219 3207 371 3274 Libenter
392 3209 454 3274 hoc
477 3213 509 3274 et
532 3229 625 3272 omne
647 3205 840 3271 militabitur

263 3296 389 3362 Bellum
412 3298 446 3362 in
468 3300 542 3361 tuae
565 3317 655 3379 spem
678 3295 814 3381 gratiae,

219 3382 295 3451 Non
318 3390 355 3450 ut
377 3385 518 3450 iuvencis
541 3384 676 3468 inligata
697 3381 844 3466 pluribus

264 3470 381 3538 Aratra
402 3473 547 3537 nitantur
569 3494 653 3555 mea,
