2370 4028
507 187 705 243 ennumvu

227 331 420 416 Nostrisque
444 332 576 396 ductum
598 331 815 397 seditionibus

229 421 357 486 Bellum
379 420 506 486 resedit.
547 419 700 484 Protinus
724 424 757 485 et
782 443 906 508 graves

272 507 340 573 Iras
364 513 396 573 et
418 508 558 572 invisum
581 511 744 594 nepotem,

316 597 431 661 Troica
454 618 548 680 quem
570 595 697 680 peperit
719 599 888 679 sacerdos,

227 755 326 821 Marti
348 755 523 840 redonab03
545 754 638 820 illum
661 776 720 841 ego
743 755 872 824 lucidas

227 843 313 908 Inire
337 844 440 928 sedes,
464 844 577 908 ducere
600 843 738 908 nectaris

273 931 373 996 Sucos
396 936 428 995 et
450 931 589 996 adscribi
612 932 729 1016 quietis

316 1017 490 1085 Ordinibus
512 1021 618 1103 patiar
640 1020 780 1085 deorum.

226 1166 313 1234 Dum
335 1168 451 1253 longus
474 1169 559 1233 inter
581 1169 701 1235 saeviet
723 1167 809 1235 Ilion

225 1256 426 1341 Romamque
447 1260 579 1341 pontus,
603 1257 745 1342 qualibet
768 1259 900 1326 exsules

270 1344 310 1410 In
331 1349 422 1429 parte
445 1350 601 1432 regnanto
624 1345 724 1431 beati3

315 1433 419 1498 †Dum
441 1432 562 1498 Priami
584 1434 773 1519 Paridisque
795 1435 896 1501 busto

226 1581 365 1647 Insultet
388 1587 567 1647 armentum
590 1588 622 1648 et
646 1583 768 1649 catulos
790 1583 878 1650 ferae

227 1669 338 1736 Celent
359 1671 494 1755 inultae,
517 1675 580 1736 stet
603 1671 798 1756 Capitolium

269 1758 411 1844 Fulgens
433 1759 703 1845 triumphatisque
724 1761 829 1844 possit

313 1847 417 1913 Roma
438 1848 530 1912 ferox
553 1849 627 1913 dare
649 1850 719 1912 iura
741 1848 854 1914 Medis.

224 1996 393 2062 Horrenda
414 1995 479 2060 late
502 2019 619 2062 nomen
641 1998 675 2062 in
698 1997 828 2062 ultimas

224 2085 388 2150 Extendat
410 2106 495 2169 oras,
520 2108 583 2170 qua
605 2087 749 2151 modicus
771 2085 881 2170 liquor

270 2172 415 2239 Secemit
435 2172 588 2257 Europen
612 2175 651 2238 ab
673 2173 768 2258 Afro,

313 2260 383 2338 Qua
405 2262 548 2326 tumidus
570 2262 656 2348 rigat
679 2284 754 2328 arva
775 2261 887 2350 Nilus,

223 2411 348 2476 Aurum
372 2411 568 2494 inrepertum
592 2416 624 2477 et
646 2413 693 2476 sic
715 2411 831 2477 meiius
855 2414 973 2500 situm,

225 2499 305 2566 (ium
327 2505 414 2565 terra
436 2500 530 2585 celat,
554 2521 701 2583 spernere
723 2500 840 2565 fortior

268 2589 371 2667 Quam
394 2609 507 2673 cogere
529 2588 686 2653 humanos
709 2589 744 2652 in
766 2611 844 2654 usus

311 2674 413 2742 Omne
437 2698 561 2741 sacrum
579 2677 722 2760 rapiente
746 2676 867 2742 dextra.

223 2824 423 2911 Quicumque
445 2826 565 2889 mundo
588 2826 744 2890 terminus
768 2826 912 2913 obstitit,

222 2913 319 2979 Hunc
341 2918 455 2999 tangat
478 2913 587 2999 armis,
611 2915 714 2978 visere
737 2915 893 3000 gestiens,

268 3002 338 3080 Qua
360 3007 451 3086 parte
475 3001 709 3066 debacchantur
731 3002 836 3087 ignes,

311 3090 381 3168 Qua
403 3089 538 3156 nebulae
561 3090 726 3174 pluviique
749 3112 847 3156 rores.

223 3238 286 3305 Sed
308 3238 470 3306 bellicosis
493 3241 560 3305 fata
583 3239 762 3317 Quiritibus

220 3327 290 3392 Hac
313 3327 385 3414 lege
408 3329 492 3414 dico,
514 3352 555 3394 ne
578 3329 713 3393 nimium
735 3329 783 3413 pii

265 3416 439 3500 Rebusque
461 3418 597 3482 fidentes
620 3417 723 3482 avitae

308 3504 407 3569 Tecta
428 3505 529 3570 velint
551 3528 698 3592 reparare
720 3505 844 3571 Troiae
