2370 4028
441 489 499 555 111.

98 620 223 688 Iustum
246 628 279 689 et
301 628 445 689 tenacem
466 624 625 707 propositi
647 625 752 689 virum

97 712 173 778 Non
196 713 314 777 civium
337 712 432 776 ardor
453 734 552 795 prava
574 713 767 797 iubentium,

139 800 214 866 Non
236 800 344 866 voltus
367 800 519 865 instantis
542 801 671 884 tyranni

182 887 291 954 Mente
315 889 420 973 quatit
442 889 545 953 solida
567 910 671 974 neque
693 888 827 973 Auster,

95 1066 172 1130 Dux
194 1065 331 1149 inquieti
354 1063 503 1129 turbidus
526 1062 679 1150 Hadriae,
955 1081 972 1130 a

93 1153 164 1219 Nec
186 1153 389 1217 fulminantis
412 1173 529 1238 magna
550 1174 665 1218 manus
686 1152 787 1238 Iovis3

140 1241 175 1306 Si
197 1241 319 1306 fractus
343 1240 505 1306 inlabatur
529 1240 628 1326 orbis,

181 1329 373 1414 Inpavidum
395 1329 512 1394 ferient
534 1328 652 1394 ruinae.

94 1506 165 1571 Hac
188 1509 256 1571 arte
279 1505 397 1571 Pollux
419 1510 452 1570 et
475 1527 576 1591 vagus
599 1504 754 1571 Hercules

93 1596 215 1660 Enisus
238 1617 327 1659 arces
350 1594 461 1679 attigit
483 1594 607 1680 igneas,

139 1683 226 1761 Quos
250 1684 334 1747 inter
355 1681 525 1768 Augustus
547 1682 735 1747 recumbens

183 1771 348 1856 Purpureo
372 1770 462 1835 bibet
486 1792 540 1836 ore
563 1774 681 1835 nectar.

93 1946 164 2012 Hac
187 1950 219 2012 te
242 1949 431 2030 merentem,
453 1945 578 2011 Bacche
600 1949 704 2030 pater,
727 1949 801 2010 tuae

94 2034 219 2100 Venere
242 2034 356 2120 tigres,
379 2033 509 2098 indocili
532 2034 645 2122 iugum

140 2122 229 2189 Collo
253 2122 430 2207 trahentes,
451 2121 512 2186 hac
535 2121 688 2199 Quirinus

182 2210 297 2276 Martis
320 2211 411 2295 equis
433 2209 618 2275 Acheronta
640 2211 739 2296 fugit,

95 2387 230 2453 Gratum
254 2385 380 2450 elocuta
403 2386 647 2452 consiliantibus
733 2418 736 2428 ·

93 2475 215 2542 Iunone
239 2474 334 2538 divis:
362 2472 470 2554 ‘Ilion,
493 2472 577 2538 Ilion

137 2563 259 2628 Fatalis
282 2563 486 2647 incestusque
509 2563 606 2627 iudex

180 2652 226 2716 Et
248 2651 364 2716 mulier
386 2651 556 2736 peregrina
578 2652 676 2716 vertit

93 2826 133 2892 In
154 2826 334 2911 pulverem,
357 2848 398 2889 ex
421 2846 484 2909 quo
508 2825 655 2890 destituit
678 2827 753 2892 deos

93 2914 240 2981 Mercede
262 2917 357 2999 pacta
378 2912 575 2997 Laomedon,
597 2913 679 2978 mihi

138 3003 314 3087 (laetaeque
337 3002 522 3066 damnatum
546 3000 708 3067 Minervae

183 3090 263 3157 (lum
285 3089 405 3175 populo
429 3094 461 3154 et
484 3090 563 3154 duce
585 3090 796 3157 fraudulento.

91 3267 161 3333 Iam
184 3290 242 3333 nec
264 3265 426 3331 Lacaenae
450 3265 596 3350 splendet
618 3265 779 3333 adulterae

91 3356 248 3421 Famosus
271 3355 389 3440 hospes
412 3376 470 3418 neo
492 3354 613 3418 Priami
636 3354 749 3420 domus

135 3445 269 3510 Periura
291 3464 451 3529 pugnaces
473 3441 616 3508 Achivos

180 3532 349 3597 Hectoreis
372 3531 487 3616 opibus
510 3531 671 3618 refringit,
