2370 4028
140 213 204 279 168
531 211 755 267 sarvamvn
1056 208 1078 281 [1

138 356 280 421 Infamia
316 354 421 433 Quid?
444 359 514 420 turn
538 354 690 419 rhombos
712 354 821 420 minus
840 376 975 439 aequora
989 349 1079 418 51551151

139 445 242 510 Tutus
265 448 334 509 erat
354 444 508 510 rhombus
531 447 665 527 tutoque
689 442 813 507 ciconia
833 442 923 526 nido,

88 551 123 601 55
140 533 250 597 Donec
270 554 329 597 vos
352 537 463 597 auctor
485 531 594 596 docuit
614 530 803 615 praetorius.
843 529 932 615 Ergo

141 620 249 705 Siquis
272 642 357 685 1111115
378 641 505 705 mergos
528 640 641 684 suaves
664 618 801 683 edixerit
823 640 927 704 assos,

139 709 271 774 Parebit
293 709 384 793 pravi
407 706 868 773 (1551115155111511511115115115.

142 796 295 862 Sordidus
318 797 448 860 55511111
470 796 558 860 victu
581 794 727 878 distabit,
751 792 856 859 Ofello

141 883 261 950 Iudice:
284 906 358 948 nam
381 884 501 948 frustra
522 882 638 947 vitium
659 881 811 946 vitaveris
833 881 928 968 illud,

90 990 123 1039 55
143 972 178 1037 Si
200 976 232 1037 te
256 972 318 1036 alio
341 994 475 1055 pravum
498 970 676 1036 detorseris.
716 968 921 1054 Aufidianus,

143 1059 320 1125 0111051115
343 1082 383 1124 ex
404 1081 479 1124 vero
503 1059 634 1123 ductum
656 1078 834 1142 cognomen
857 1058 1008 1140 adhaeret,

142 1147 368 1232 Quinquennes
392 1147 478 1212 oleas
501 1151 550 1212 est
572 1150 605 1211 55
627 1145 787 1210 silvestria
809 1168 919 1230 corna,

141 1235 190 1300 Ac
212 1237 275 1300 nisi
297 1239 457 1300 mutatum
479 1235 583 1320 parcit
604 1234 775 1299 defundere
797 1235 923 1317 vinum,
945 1238 976 1298 et

144 1324 241 1389 Cuius
265 1324 393 1388 odorem
417 1323 480 1388 olei
501 1343 639 1406 nequeas
661 1322 815 1406 perferre,
836 1322 949 1388 licebit

91 1430 125 1478 oo
143 1411 202 1476 Ille
223 1411 360 1496 repotia,
382 1410 504 1476 natales
527 1410 646 1476 aliosve
669 1410 791 1475 dierum

142 1499 256 1564 Festos
280 1499 405 1564 albatus
428 1498 579 1582 celebret,
602 1520 701 1562 cornu
723 1499 792 1583 ipse
813 1497 925 1562 bilibri

144 1586 295 1652 (laudibus
317 1587 470 1672 instillat,
492 1586 609 1651 veteris
631 1607 696 1651 non
718 1587 851 1671 †parous
874 1586 963 1650 aceti.

144 1675 238 1752 Quali
260 1676 360 1760 igitur
382 1676 470 1739 victu
492 1675 619 1758 sapiens
641 1677 751 1737 utetur
773 1672 945 1738 ethorum

143 1762 261 1827 Vtrum
279 1762 479 1827 imitabitur?
511 1762 581 1826 Hac
598 1766 715 1846 urguet
727 1761 837 1845 lupus,
854 1760 916 1826 hac
929 1747 1096 1843 canapini

92 1870 125 1917 55
144 1851 284 1915 Μ111111115
307 1851 381 1935 5115,
404 1871 468 1934 qua
488 1872 553 1914 non
577 1849 716 1914 offendet
738 1848 900 1932 sordibus,
923 1852 1013 1933 atque

143 1938 182 2004 In
201 1943 351 2005 ,neutram
374 1941 497 2022 partem
520 1937 624 2002 cultus
647 1937 753 2002 miser.
792 1935 856 2000 Hic
878 1958 982 2020 neque
1001 1929 1077 1999 servit

143 2026 261 2091 Albuci
284 2027 369 2092 senis
393 2025 552 2109 exemplo,
575 2025 651 2089 dum
673 2025 784 2089 munia
806 2023 901 2108 didit,

145 2114 264 2181 Saevus
288 2116 362 2198 erit,
384 2137 443 2179 nec
465 2115 511 2179 sic
533 2116 570 2177 ut
592 2113 728 2196 simplex
749 2111 892 2177 Naevius
915 2115 1035 2177 unctam

145 2202 295 2268 Convivis
313 2202 478 2287 praebebit
496 2223 623 2285 aquam:
641 2198 1102 2284 11151111111155(111511115111151151

93 2310 126 2357 vo
143 2290 263 2374 Accipe
285 2311 383 2373 nunc,
405 2289 508 2353 victus
531 2289 637 2354 tenuis
661 2310 742 2372 quae
765 2290 947 2372 quantaque
970 2305 1060 2352 secun

144 2378 286 2443 Adferat.
326 2376 365 2441 In
387 2377 499 2460 primis
522 2377 627 2441 valeas
649 2376 744 2441 bene:
765 2397 840 2440 nam
861 2375 970 2440 variae
991 2395 1034 2439 155

144 2465 191 2530 Vt
212 2469 347 2529 noceant
368 2464 505 2549 homini,
528 2465 649 2547 credas,
671 2485 794 2528 memor
815 2461 904 2527 illius
927 2484 1023 2546 55555,

145 2553 232 2629 Quae
255 2553 391 2637 simplex
414 2553 491 2617 olim
513 2552 574 2616 tibi
596 2552 722 2616 sederit.
762 2550 808 2615 At
830 2550 928 2615 simul
951 2550 1025 2616 assis

144 2641 312 2706 Miscueris
335 2641 431 2723 elixa,
454 2640 551 2704 simul
574 2639 740 2723 conchylia
762 2639 879 2722 turdis,

94 2748 126 2797 15
144 2729 260 2794 Dulcia
283 2752 316 2794 se
338 2729 372 2793 in
394 2729 493 2793 bilem
515 2731 640 2792 vertent
663 2725 889 2810 stomachoque
912 2724 1068 2791 tumultrm

144 2818 246 2882 Lenta
268 2817 349 2883 feret
371 2816 497 2901 pituita.
538 2815 651 2899 Vides,
673 2819 711 2880 ut
732 2814 870 2899 pallidus
894 2815 997 2879 omnis

146 2905 230 2970 (15115
252 2905 404 2990 desurgat
426 2903 542 2968 dubia?
584 2903 669 2979 Quin
692 2924 806 2987 corpus
829 2905 982 2967 onustum

144 2993 311 3059 Hestemis
333 2992 421 3057 vitiis
445 2992 586 3055 animum
609 3013 735 3076 quoque
757 2994 948 3075 praegravat
970 3009 1027 3054 11115

144 3080 252 3165 Atque
275 3082 388 3166 adfigit
408 3080 507 3144 humo
531 3079 655 3143 divinae
677 3078 866 3163 particulam
890 3100 993 3143 aurae.

93 3186 128 3234 80
146 3168 251 3253 Alter,
273 3169 329 3233 ubi
353 3169 437 3234 dicto
461 3167 555 3233 citius
578 3171 688 3231 curata
710 3167 817 3250 sopori
1064 3241 1069 3254 Ι

145 3257 290 3322 Membra
313 3256 412 3340 dedit,
434 3260 567 3341 vegetus
589 3255 784 3339 praescripta
807 3254 847 3318 ad
868 3255 979 3320 munia
999 3242 1088 3330 surglt

145 3345 208 3410 Hic
230 3350 337 3409 tamen
361 3344 400 3408 ad
422 3344 537 3409 melius
560 3343 679 3427 poterit
701 3347 917 3408 transcurrere
941 3338 1089 3428 quondumr

147 3432 220 3499 Sive
243 3433 327 3496 diem
349 3432 467 3496 festum
489 3431 614 3496 rediens
638 3431 800 3496 advexerit
823 3453 940 3515 annus,

146 3521 209 3587 Seu
232 3542 372 3586 recreare
394 3519 481 3584 volet
503 3523 668 3584 tenuatum
692 3540 820 3603 corpus,
843 3519 939 3584 ubive
