2370 4028
545 191 741 274 οιιιιιιιιιιι

574 413 687 513 X.VI

271 536 297 602 O
276 478 497 602 mathe
434 467 592 638 'pulchras¹
600 537 668 600 filia
690 516 869 622 pulchrior,

271 625 373 703 Quem
396 625 576 690 criminosis
600 647 735 709 cumque
757 627 847 691 voles
869 627 1003 692 modum

313 714 418 778 Pones
441 713 575 799 iambis,
598 714 665 777 aive
687 715 817 778 flamma

361 801 435 867 Sive
458 801 539 865 mari
561 801 642 866 libet
663 801 836 867 Hadriano.

270 939 346 1017 Non
368 874 643 1035 Βςιίιιιγιιιιιι,
605 974 670 1016 non
694 943 780 1103 adlyt
771 975 800 1016 is
823 974 914 1036 qua1
887 930 931 1017 tit

271 1040 361 1104 Ment
349 1044 412 1104 tem
435 1040 667 1108 sacerdotum
657 1040 762 1105 moola
784 1040 939 1124 Pythius.

315 1128 391 1193 Non
412 1128 509 1192 Liber
533 1150 644 1212 aeque,
667 1150 732 1193 non
755 1133 849 1193 acuta

361 1215 395 1281 Si
419 1216 583 1301 geminant
606 1214 804 1299 Corybantes
827 1239 915 1303 aera,

272 1365 393 1430 Tristes
416 1369 453 1429 ut
475 1366 553 1448 irae,
577 1387 656 1448 quas
679 1389 782 1450 neque
804 1365 945 1432 Noricus

271 1454 420 1518 Deterret
443 1453 528 1517 ensis
550 1475 609 1517 nec
631 1476 718 1518 mare
740 1455 934 1540 naufragum

315 1541 384 1608 Nec
407 1564 520 1607 saevus
543 1542 628 1626 ignis
651 1564 709 1606 uec
732 1544 896 1607 tremendo

360 1629 505 1714 Iuppiter
528 1630 596 1713 ipse
619 1652 714 1694 ruens
737 1632 887 1695 tumultu.

271 1780 387 1845 Fertur
408 1779 619 1844 Prometheus
643 1780 757 1845 addere
779 1781 917 1866 principi

272 1869 365 1948 Limo
389 1871 516 1932 coactus
538 1868 737 1968 particulam
751 1869 891 1953 undique

316 1940 494 2021 Desectam
508 1956 571 2020 et
562 1957 667 2020 msani
688 1949 790 2021 leonis

360 2044 437 2108 Vim
460 2043 625 2108 stomacho
649 2044 834 2128 adposuisse
857 2050 980 2112 nostro.

65 2208 70 2219 ·
271 2195 342 2260 Irae
365 2192 526 2277 Thyesten
550 2195 648 2258 exitio
673 2195 763 2278 gravi

274 2283 421 2349 Stravere
444 2287 476 2346 et
499 2281 572 2347 altis
595 2282 729 2346 urbibus
752 2282 885 2347 ultimae

318 2370 441 2436 Stetere
465 2392 589 2454 causae,
613 2392 669 2435 cur
691 2370 833 2454 perirent

360 2458 518 2523 Funditus
541 2459 790 2543 inprimeretque
812 2460 914 2523 muris

271 2609 399 2676 Hostile
422 2612 564 2672 aratrum
587 2608 707 2673 exercit
708 2631 746 2673 us
769 2609 972 2678 insolens..

272 2693 433 2782 Conpesce
456 2701 544 2762 ment
545 2720 608 2761 em:
631 2719 682 2760 me
693 2712 832 2781 auoque
854 2664 996 2781 pectoris

317 2786 530 2871 Temptavit
521 2808 556 2849 ιιι
579 2784 696 2849 dulci
687 2789 817 2850 iuventa

360 2873 591 2940 Fervoretm
615 2873 731 2937 celeres
754 2873 878 2937 iambos

271 3025 363 3090 Misit
385 3024 557 3107 furentem3
580 3044 665 3086 nunc
688 3042 747 3105 ego
770 3021 904 3086 mitibus

270 3113 399 3178 Mutare
423 3122 540 3196 quaero
564 3111 683 3194 tristia,
707 3110 783 3173 dum
806 3108 885 3173 mihi

317 3200 391 3265 Fias
414 3199 586 3265 recantatis
609 3200 711 3263 amica

364 3286 552 3372 Opprobriis
577 3289 781 3371 animumque
804 3286 926 3350 reddas.

569 3502 727 3510 -—.-—-
