2370 4028
470 244 585 300 LIBER.
967 244 1029 309 117

160 387 229 451 Has
251 387 335 451 inter
358 385 468 470 epulas
490 391 528 452 ut
549 387 639 452 iuvat
660 392 768 472 pastas
792 409 867 453 oves

203 474 320 539 Videre
343 478 550 558 properantes
573 476 716 560 domum,

159 562 276 627 Videre
297 563 400 626 fessos
422 584 582 628 vomerem
605 564 764 629 inversum
789 564 887 629 boves

204 649 294 715 Collo
318 650 481 715 trahentes
502 650 654 735 languido

160 739 351 823 Positosque
373 760 499 822 vernas,
523 738 598 802 ditis
622 761 753 804 examen
776 739 903 824 domus,

204 825 330 891 Circum
353 827 533 892 renidentes
555 826 675 891 Lares?

158 914 247 979 Haec
269 915 326 980 ubi
348 915 474 979 locutus
496 915 656 980 fenerator
678 913 797 1002 Alfius,
896 940 898 944 ’

203 1001 272 1066 Iam
295 1003 359 1066 iam
380 1002 509 1067 futurus
531 1003 684 1086 rusticus,

104 1151 106 1154 ,
161 1089 296 1155 Omnem
318 1090 443 1175 redegit
465 1090 571 1155 idibus
594 1091 774 1175 pecuniam,

204 1177 335 1255 Quaerit
356 1178 501 1242 kalendis
523 1201 649 1263 ponere.

113 1598 262 1664 Parentis
285 1597 363 1663 olim
386 1598 488 1682 siquis
511 1598 599 1682 inpia
620 1619 718 1664 manu

159 1686 265 1752 Senile
288 1689 401 1771 guttur
421 1686 568 1771 fregerit,

113 1775 193 1839 Edit
216 1775 328 1840 cicutis
352 1773 464 1838 allium
486 1774 660 1838 nocentius.

159 1861 186 1927 0
210 1863 290 1927 dura
311 1883 489 1926 messorum
512 1861 580 1925 ilia!

114 1950 199 2028 Quid
220 1949 282 2015 hoc
304 1950 419 2014 veneni
441 1950 543 2015 saevit
564 1950 599 2013 in
620 1949 835 2033 praecordiis?

157 2037 246 2104 Num
269 2038 431 2122 viperinus
453 2037 506 2102 his
529 2059 622 2102 cruor

113 2125 263 2191 Incoctus
285 2125 394 2190 herbis
417 2147 468 2190 me
489 2124 627 2190 fefellit?
650 2147 690 2189 an
712 2124 812 2188 malas

159 2212 292 2280 Canidia
313 2214 463 2278 tractavit
485 2213 603 2297 dapes?

113 2301 160 2366 Vt
182 2300 386 2386 Argonautas
408 2306 534 2385 praeter
556 2323 666 2366 omnes
690 2300 858 2366 candidum

157 2387 271 2454 Medea
292 2389 439 2452 miratast
462 2389 587 2474 ducem,

112 2477 230 2563 Ignota
252 2478 353 2541 tauris
376 2476 585 2561 inligaturum
608 2477 684 2560 iuga

158 2565 314 2630 Perunxit
335 2564 397 2629 hoc
418 2562 578 2649 Iasonem;

111 2652 185 2719 Hoc
208 2651 359 2717 delibutis
381 2652 451 2716 ulta
472 2653 564 2717 donis
586 2651 739 2736 paelicem

159 2739 312 2824 Serpente
334 2739 420 2824 fugit
443 2739 526 2805 alite.

111 2828 200 2894 *Nec
222 2832 331 2894 tantus
354 2849 506 2911 umquam
529 2828 669 2892 siderum
692 2827 809 2892 insedit
831 2848 931 2911 vapor

159 2914 349 2982 Siticulosae
370 2914 520 2999 Apuliae,

111 3004 182 3071 Nec
203 3026 320 3069 munus
342 3004 461 3068 umeris
484 3004 621 3068 efficacis
643 3002 792 3068 Herculis

156 3091 276 3157 Inarsit
297 3091 483 3156 aestuosius.

111 3182 159 3246 At
182 3179 290 3264 siquid
310 3200 463 3263 umquam
486 3178 550 3243 tale
572 3177 803 3262 concupiveriS,

156 3267 282 3351 Iocosa,
303 3265 482 3350 Maecenas,
504 3287 629 3350 precor,

110 3356 245 3422 Manum
268 3354 376 3439 puella
398 3355 486 3419 savio
510 3356 651 3437 opponat
673 3356 743 3437 tuo,

154 3444 311 3509 Extrema
332 3447 365 3507 et
387 3442 421 3506 in
444 3442 566 3526 sponda
589 3441 691 3506 cubet.
