2370 4028
63 233 148 310 cun]
446 235 593 293 ιιιιιιιι
956 240 1020 305 201

63 380 199 464 genium,
219 402 286 445 non
309 379 411 445 incult
396 383 498 444 ttums
522 384 554 444 et
576 381 714 482 turpiter
735 380 867 447 hirtum

63 468 245 554 elinguem
269 467 373 533 causis
396 468 484 534 acuis
507 490 562 533 seu
586 469 686 534 civica
708 470 778 534 iura

64 556 219 641 spondere
240 578 335 641 paras
359 577 415 621 seu
438 556 548 621 condis
571 556 706 621 amabile
729 579 870 643 carmen,

62 643 124 710 ima
144 644 229 711 feres
251 644 387 710 hederae
409 644 551 709 victricis
573 646 722 728 praemia.
764 645 885 724 Quodsi
981 686 983 691 ·

63 731 146 818 igida
168 755 317 799 curarum
339 732 482 798 fomenta
504 733 684 817 relinquere
705 756 830 819 posses,

63 842 86 886 ο
109 825 141 886 te
164 821 310 888 caelestis
333 820 490 906 sapientia
512 821 654 906 duceret,
677 821 748 888 ires,

65 931 88 974 a
109 931 204 995 opus,
225 909 288 975 hoc
310 909 418 974 studio
440 909 532 994 parvi
553 932 762 995 properemus
784 914 817 976 et
839 910 952 994 ampli,

71 998 196 1082 patriae
218 997 381 1082 volumus,
404 997 433 1062 si
454 998 549 1063 nobis
571 998 677 1063 vivere
700 999 774 1064 cari.

63 1084 121 1152 bes
142 1086 206 1152 hoc
228 1086 325 1151 etiam
348 1085 535 1170 rescribere,
558 1086 586 1152 si
608 1086 669 1151 tibi
693 1091 830 1171 curaest,

63 1178 160 1241 ,antae
183 1174 365 1260 conveniat,
386 1172 566 1259 Munatius,
588 1196 629 1239 an
651 1174 735 1241 male
757 1179 845 1240 sarta

63 1263 129 1328 atia
149 1263 345 1347 nequiquam
367 1262 433 1328 ecit
456 1266 488 1327 et
509 1263 713 1348 rescinditur,
738 1285 774 1328 ac
796 1286 855 1328 vos

63 1371 83 1415 u
104 1350 224 1417 calidus
246 1350 378 1437 sanguis
400 1371 457 1416 seu
479 1373 587 1416 rerum
609 1351 738 1417 inscitia
759 1356 855 1417 verat

63 1438 176 1505 lomita
199 1439 321 1505 cervice
343 1439 437 1504 feros.
477 1437 680 1524 Vbicumque
702 1440 846 1505 locorum

63 1527 148 1613 vitis,
170 1527 296 1614 indigni
317 1525 495 1592 fraternum
518 1550 665 1611 rumpere
687 1527 813 1612 foedus,

63 1616 163 1682 scitur
185 1616 220 1681 in
241 1619 385 1681 vestrum
407 1615 546 1680 reditum
569 1617 678 1681 votiva
700 1616 841 1681 iuvenca.

440 1804 600 1812 -—-—-—-

486 1930 560 1998 IIII.
622 1952 625 1960 ⁴

63 2048 109 2138 bi,
128 2057 314 2120 nostrorum
338 2076 520 2120 sermonum
544 2056 675 2122 candide
698 2057 808 2141 iudex,

63 2104 109 2205 rid
123 2164 209 2208 nunc
231 2147 264 2208 te
288 2143 391 2207 dicam
413 2142 548 2209 facere
538 2166 573 2208 ιιι
595 2145 725 2229 regione
747 2107 895 2210 Pedana?

63 2227 176 2315 libere,
199 2231 285 2315 quod
308 2229 397 2295 Cassi
419 2231 601 2297 Parmensis
625 2233 779 2316 opuscula
800 2234 921 2318 vincat,

63 2319 227 2385 ltacitum
250 2318 348 2383 silvas
371 2319 455 2383 inter
477 2323 603 2403 reptare
626 2322 783 2407 salubreS,

63 2412 190 2473 rentem
213 2406 369 2491 quidquid
391 2406 524 2492 dignum
547 2408 690 2492 sapiente
673 2410 947 2494 ebonoquest?

63 2509 91 2557 >n
113 2500 150 2561 tu
174 2516 289 2579 corpus
313 2516 382 2560 eras
406 2496 474 2560 sine
496 2500 569 2580 pect
570 2518 633 2560 ore
673 2497 716 2562 Di
739 2498 801 2562 tibi
822 2499 973 2583 formam,

80 2584 143 2649 tibi
166 2583 295 2647 divitias
319 2583 546 2648 dederuntt
496 2589 546 2648 art
547 2606 660 2686 emque
681 2585 815 2650 fruendi

63 2665 101 2736 id
123 2675 240 2737 voveat
225 2670 348 2736 tdulci
371 2671 531 2736 nutricula
552 2673 656 2761 maius
678 2674 820 2757 alumno,

64 2753 78 2818 i
103 2781 215 2844 sapere
237 2762 272 2824 et
291 2759 353 2824 fari
376 2761 480 2844 possit
503 2756 583 2845 quae
607 2762 739 2846 sentiat,
763 2767 794 2826 et
817 2763 869 2827 cui

63 2848 143 2932 abia,
164 2847 262 2927 fama,
286 2846 435 2913 valetudo
459 2853 534 2913 cont
535 2849 625 2933 ingat
611 2812 772 2915 tabundc

80 2934 223 3000 mundus
244 2936 349 3001 victus
371 2957 436 3001 non
460 2937 624 3002 deficiente
648 2938 812 3003 crumina?

63 3038 106 3088 'er
128 3045 218 3108 spem
242 3045 427 3109 curamque,
449 3025 581 3090 timores
604 3026 689 3091 inter
711 3031 744 3091 et
766 3028 829 3091 iras

63 3126 155 3177 mem
177 3112 268 3177 crede
292 3112 376 3177 diem
399 3113 461 3177 tibi
483 3114 636 3179 diluxisse
660 3137 856 3198 supremum:

63 3204 119 3266 ata
141 3201 356 3284 superveniet,
380 3222 461 3285 quae
483 3223 548 3266 non
571 3204 752 3285 sperabitur
773 3204 860 3268 hora.

63 3306 69 3343 ι
94 3289 246 3374 pinguem
269 3293 301 3354 et
323 3289 462 3353 nitidum
484 3290 564 3354 bene
587 3295 697 3355 curata
720 3296 792 3356 cute
814 3293 912 3376 visesr,

63 3393 103 3440 m
122 3377 225 3442 ridere
246 3377 336 3442 voles
357 3377 491 3461 Epicuri
515 3377 552 3442 de
575 3400 673 3464 grege
696 3402 836 3464 porcum.
