2370 4028
345 241 454 297 LIBER
470 242 491 297 1.
857 239 919 303 197

73 407 136 470 μω
159 406 294 470 regnum
318 390 406 451 recte
427 383 619 449 facientibus
642 385 749 469 offert,

73 496 123 539 >us
148 472 253 538 Curiis
276 478 309 538 et
332 474 499 538 decantata
521 471 686 537 Camillis?

93 561 209 626 melius
232 562 357 646 suadet,
380 562 436 646 qui
459 561 537 625 ‘rem
560 560 672 644 facias,
695 583 776 644 rem,
940 574 974 624 65

73 673 92 735 r,
114 654 213 734 recte,
236 651 264 715 si
286 671 365 734 non,
388 670 588 734 quocumque
610 648 719 732 modo,
742 648 831 731 rem',

73 741 116 803 ius
140 742 264 822 spectes
285 738 455 802 lacrimosa
476 740 624 821 poemata
645 735 742 822 Pupi3

73 826 231 891 Fortunae
254 830 286 891 te
308 847 495 910 responsare
518 825 672 909 superbae

90 918 123 979 et
146 918 286 979 erectum
308 936 459 998 praesens
481 913 629 978 hortatur
651 917 683 977 et
705 911 816 996 aptat?
866 980 869 985 ⁸

73 1025 112 1067 ne
135 1001 274 1086 populus
296 1001 461 1067 Romanus
482 1000 566 1065 forte
588 1004 694 1085 roget,
718 1021 773 1064 cur
942 1015 975 1064 70

73 1090 252 1174 porticibus
274 1090 321 1156 sic
343 1089 470 1154 iudiciis
492 1089 581 1153 fruar
603 1088 704 1153 isdem

73 1201 123 1243 iar
146 1182 202 1243 aut
222 1177 346 1263 fugiam
369 1199 449 1262 quae
473 1176 580 1262 diligit
602 1176 670 1261 ipse
692 1175 743 1240 vel
766 1174 847 1240 odit:

72 1267 114 1331 od
136 1266 246 1350 volpes
270 1270 401 1352 aegroto
425 1269 517 1330 cauta
538 1265 623 1330 leoni

72 1355 110 1439 it,
132 1354 280 1419 referam:
305 1355 392 1439 ‘quia
413 1375 465 1418 me
486 1353 624 1437 vestigia
645 1355 780 1435 terrent,

73 1465 88 1507 e
112 1443 280 1507 adversum
304 1442 494 1527 spectantia,
516 1441 606 1505 nulla
628 1439 824 1505 retrorsum?
942 1455 975 1505 ‘15

73 1530 221 1595 ultorum
249 1553 283 1595 es
311 1530 460 1613 capitum,
509 1527 595 1593 Nam
622 1528 699 1612 quid
726 1549 841 1612 sequar
869 1529 924 1590 aut

659 1615 778 1701 quem?

73 1708 188 1770 ninum
211 1707 310 1791 gestit
333 1705 508 1770 conducere
530 1704 671 1790 publica3
694 1708 771 1768 sunt
793 1704 849 1788 qui

73 1798 101 1858 et
123 1794 228 1878 pomis
250 1794 363 1859 viduas
385 1797 541 1858 venentur
562 1814 686 1875 avaras,

73 1886 156 1966 itque
178 1904 284 1967 senes,
306 1903 387 1966 quos
410 1882 445 1946 in
466 1882 588 1946 vivaria
609 1881 756 1964 mittant;

73 1970 182 2035 cculto
206 1970 320 2035 crescit
342 1992 393 2035 res
415 1969 533 2034 fenore.
574 1968 694 2034 Verum

73 2058 97 2121 is
121 2058 200 2123 alios
223 2059 318 2123 rebus
342 2057 520 2141 studiisque
541 2057 672 2128 teneri:

73 2147 142 2210 dem
164 2150 302 2230 possunt
321 2146 435 2211 horam
458 2146 571 2210 durare
593 2143 786 2229 probantes?

73 2234 108 2298 in
131 2233 208 2298 orbe
230 2234 319 2299 sinus
342 2234 418 2298 Bais
440 2233 603 2317 praelucet
624 2231 776 2297 amoenis'

86 2322 188 2406 dives,
211 2321 300 2387 lacus
323 2326 355 2387 et
376 2344 463 2385 mare
486 2322 584 2386 sentit
607 2342 747 2385 amorem

74 2410 117 2474 tis
141 2411 200 2495 eri,
224 2411 275 2476 cui
298 2411 327 2475 si
349 2411 465 2475 vitiosa
486 2410 587 2474 libido

73 2498 259 2583 auspicium,
282 2498 363 2563 ‘cras
385 2497 577 2563 ferramenta
599 2496 741 2560 Teanum

92 2587 196 2650 fabri?
235 2585 353 2652 Lectus
376 2586 510 2670 genialis
533 2586 567 2649 in
590 2584 706 2649 aulast:

73 2696 139 2739 esse
161 2675 266 2758 prius,
287 2674 402 2739 melius
425 2674 471 2738 nil
495 2672 613 2738 caelibe
635 2673 715 2757 vita,

73 2767 131 2847 est,
153 2763 237 2827 iurat
260 2763 340 2828 bene
363 2762 441 2827 solis
464 2784 533 2827 esse
555 2760 688 2826 maritis.

73 2873 142 2916 eam
164 2851 272 2915 voltus
294 2854 472 2915 mutantem
494 2850 611 2915 Protea
633 2847 739 2914 nodo?

73 2960 151 3023 uper
172 2939 279 3004 recte?
301 2942 406 3003 mutat
429 2938 590 3023 cenacula,
612 2937 726 3020 lectos,

77 3031 237 3111 tonsores,
260 3027 416 3093 conducto
439 3027 567 3112 navigio
591 3046 689 3109 aeque
728 3035 731 3042 '

88 3136 125 3181 ac
146 3115 302 3200 locuples,
325 3138 420 3200 quem
444 3115 532 3180 ducit
553 3114 645 3198 priva
666 3111 814 3176 triremis.

72 3226 111 3268 us
134 3204 295 3289 inaequali
317 3208 446 3268 tonsore
468 3203 601 3286 capillos

91 3292 190 3376 rides,
212 3293 241 3357 si
262 3292 346 3357 forte
369 3292 525 3356 subucula
546 3312 646 3374 pexae

73 3380 146 3445 best
169 3381 309 3464 tunicae,
331 3379 383 3445 val
406 3381 433 3444 si
456 3383 533 3466 toga
556 3378 689 3442 dissidet
711 3377 817 3461 inpar,

73 3468 156 3553 puid?
179 3491 251 3532 mea
273 3491 345 3534 cum
368 3472 491 3552 pugnat
514 3465 672 3532 sententia
694 3486 815 3547 secum,

73 3557 134 3622 etiit
156 3557 292 3642 spernit,
314 3557 431 3640 repetit
454 3556 540 3640 quod
563 3576 664 3639 nuper
687 3552 808 3636 omisit,
