2386 4020
149 233 212 298 146
279 277 284 288 ,
538 177 762 288 surianam
1071 232 1121 308 [m

148 375 274 460 Scripta
294 375 395 462 legat,
417 375 515 461 vulgo
537 378 670 441 recitare
693 377 836 441 timentis
860 378 900 441 ob
924 376 1007 456 hanc
1027 400 1094 461 rem,

148 463 240 540 Quod
258 469 333 528 sunt
352 486 432 548 quos
452 486 552 549 genus
570 464 631 529 hoc
646 465 777 529 minime
794 465 896 549 iuvat,
915 469 1025 550 utpote
1039 467 1121 551 plures

93 567 128 616 25
148 550 278 636 Culpari
300 552 422 636 dignos.
465 551 616 628 Quemvis
638 553 743 617 media
765 552 847 638 elige
870 554 978 619 turba:

146 639 214 704 Aut
237 641 276 704 ab
300 641 434 705 avaritia
456 645 511 704 aut
532 641 649 704 misera
672 641 845 705 ambitione
867 641 1002 706 laborat.

145 727 209 792 Hic
230 730 403 812 nuptarum
426 728 545 793 insanit
567 729 742 812 amoribus,
764 727 818 792 hic
840 750 1025 815 puerorum3

145 814 241 880 Hunc
264 817 350 900 capit
372 817 496 901 argenti
518 815 684 902 splendor3
707 820 816 900 stupet
836 815 954 882 Albius
978 840 1056 904 aere3

145 902 208 968 Hic
229 907 335 968 mutat
356 926 476 968 merces
499 909 649 990 surgente
672 927 692 968 a
713 904 780 969 1111
803 904 843 968 ad
866 927 954 989 eum,
977 927 1037 989 quo

93 1007 128 1056 30
146 990 338 1076 Vespertina
359 996 448 1076 tepet
469 992 573 1076 regie,
596 993 674 1076 quin
695 1015 753 1076 per
774 992 859 1056 mala
881 1015 1029 1078 praeceps

145 1079 273 1164 Fertur,
295 1081 344 1144 uti
366 1079 472 1163 pulvis
495 1080 649 1145 collectus
671 1081 811 1164 turbine,
833 1082 954 1164 nequid

147 1166 279 1232 Summa
301 1168 452 1251 deperdat
474 1172 618 1232 metuens
641 1172 698 1232 aut
720 1168 852 1252 ampliet
873 1173 911 1233 ut
933 1191 1009 1234 rem.

147 1253 264 1320 Omnes
287 1255 322 1319 hi
344 1260 493 1320 metuunt
514 1278 638 1340 versus,
661 1256 754 1321 odere
777 1260 914 1340 poetam.

146 1343 299 1408 ‘Faenum
321 1343 418 1408 habet
440 1343 474 1407 in
497 1365 607 1428 cornu,
629 1344 725 1429 longe
743 1344 832 1428 fuge:
855 1345 1025 1410 dummodo
1042 1346 1120 1409 11111

93 1447 126 1495 31
144 1431 298 1499 Excutiat
320 1432 395 1515 sibi,
417 1453 482 1495 non
504 1431 557 1496 hic
579 1433 727 1515 cuiquam
749 1436 859 1516 parcet
881 1434 998 1518 amico,

144 1518 190 1583 Et
212 1519 433 1602 quodcumque
456 1519 554 1584 semel
577 1520 695 1584 chartis
718 1520 878 1604 inleverit,
902 1543 1012 1586 omnes
1117 1537 1121 1544 '

146 1605 269 1672 (1111111
291 1630 310 1670 1
331 1607 426 1671 furno
448 1607 615 1672 redeuntes
638 1608 719 1672 scire
741 1608 875 1692 lacuque

144 1695 190 1759 Et
210 1716 326 1778 pueros
349 1699 381 1759 et
403 1696 504 1759 anus?
543 1694 704 1780 Agedum,
726 1718 827 1778 pauca
849 1697 957 1780 accipe
980 1701 1084 1762 contra

144 1783 289 1847 Primum
311 1804 371 1867 ego
393 1804 445 1846 me
467 1783 610 1867 illorum,
633 1783 773 1848 dederim
797 1785 914 1867 quibus
937 1807 1006 1850 esse
1027 1783 1121 1870 poetis,

91 1887 126 1934 40
144 1871 322 1954 Excerpam
344 1892 489 1934 numero:
512 1893 615 1954 neque
638 1872 723 1935 enim
746 1871 934 1936 concludere
956 1895 1075 1938 versum

144 1958 272 2022 Dixeris
294 1980 363 2023 esse
386 1958 478 2044 satis3
499 1981 615 2042 neque,
638 1959 722 2042 siqui
745 1961 864 2024 scribat
886 1961 936 2024 uti
958 1983 1017 2026 nos

145 2045 291 2112 Sermoni
312 2047 476 2131 propiora,
497 2051 590 2130 putes
612 2046 699 2110 hunc
721 2069 790 2111 esse
812 2052 949 2131 poetam.

143 2133 313 2220 Ingenium
336 2135 387 2200 cui
410 2134 465 2218 sit,
488 2135 540 2199 cui
562 2156 652 2199 mens
676 2135 813 2199 divinior
835 2140 932 2220 atque
955 2158 991 2201 11

143 2222 262 2307 Magna
283 2226 484 2305 sonaturum,
507 2221 562 2286 des
584 2223 722 2286 nominis
744 2222 840 2287 huius
862 2223 1026 2291 honorem.

90 2326 125 2375 41
144 2309 265 2374 Idcirco
289 2309 432 2393 quidam,
454 2310 617 2374 comoedia
638 2332 737 2376 necne
758 2333 873 2394 poema

142 2399 252 2481 Esset,
275 2397 471 2481 quaesivere,
494 2398 579 2482 quod
601 2420 672 2464 acer
694 2399 827 2481 spiritus
850 2422 886 2464 ac
908 2401 960 2466 vis

143 2485 212 2552 Nec
233 2486 338 2550 verbis
360 2507 419 2550 nec
440 2485 535 2550 rebus
558 2487 655 2570 inest,
677 2485 740 2551 nisi
764 2487 849 2570 quod
871 2489 952 2572 pede
975 2494 1059 2567 certo

143 2574 260 2638 Differt
282 2574 433 2657 sermoni,
456 2595 560 2638 sermo
583 2596 698 2638 merus.
740 2575 797 2638 ‘At
818 2579 910 2658 pater
933 2578 1045 2643 ardens

145 2661 265 2746 Saevit,
288 2662 374 2746 quod
396 2662 562 2727 meretrice
584 2684 683 2746 nepos
706 2662 837 2727 insanus
861 2664 964 2730 amica

91 2767 125 2816 1ο
143 2750 245 2815 Filius
268 2771 400 2814 uxorem
423 2750 536 2834 grandi
559 2772 631 2815 cum
654 2751 728 2815 dote
750 2755 888 2836 recuset,

143 2839 262 2903 Ebnus
285 2842 330 2923 et,
352 2859 504 2922 magnum
528 2838 613 2922 quod
636 2838 783 2923 dedecus,
806 2839 950 2905 ambulet
972 2847 1044 2908 ante

143 2925 280 2992 Noctem
302 2948 375 2991 cum
396 2927 541 2991 facibus?
580 2926 747 3010 Numquid
768 2927 967 3011 Pomponius
990 2931 1060 2996 istis

143 3013 279 3079 Audiret
300 3014 432 3099 leviora,
455 3018 546 3098 pater
568 3015 597 3078 si
618 3014 760 3079 viveret?
800 3015 889 3101 Ergo

143 3101 218 3168 Non
241 3103 319 3167 satis
342 3107 391 3167 est
413 3103 502 3187 puris
524 3124 651 3166 versum
673 3105 869 3187 perscribere
892 3107 1014 3192 verbis,

92 3207 126 3256 11
145 3189 246 3266 Quem
269 3191 297 3255 si
320 3190 488 3275 dissolvas,
511 3191 615 3274 quivis
638 3191 855 3256 stomachetur
878 3195 991 3260 eodem

146 3277 215 3354 Quo
238 3282 425 3362 personatus
448 3282 541 3362 pacto
564 3283 663 3362 pater.
704 3279 778 3364 His,
802 3301 861 3365 ego
886 3304 968 3365 quae
991 3307 1087 3370 nunc,

146 3364 231 3430 Olim
255 3388 334 3449 quae
358 3367 485 3450 scripsit
506 3367 662 3451 Lucilius,
685 3368 800 3451 eripias
824 3369 853 3433 si

146 3454 303 3538 Tempora
316 3458 402 3518 certa
414 3456 601 3540 modosque,
616 3460 648 3519 et
660 3456 745 3539 quod
756 3457 845 3539 prius
860 3459 972 3526 ordine
985 3463 1121 3528 verbum

145 3543 309 3607 Posterius
332 3543 444 3627 facias,
466 3566 663 3628 praeponens
685 3544 799 3633 ultima
820 3547 949 3628 primis:
