2370 4028
10 151 11 154 ‘
137 163 177 228 18
541 163 737 220 casumvn
909 39 1082 265 [ricmiri

580 358 701 424 XVIH.

134 481 279 566 Nullam,
302 481 401 566 Vare,
423 505 513 546 sacra
534 482 599 547 vite
621 482 712 566 prius
734 482 855 547 severis
878 483 1021 550 arborem

137 569 228 635 Circa
249 571 327 635 mite
351 571 456 636 solum
478 570 607 635 Tiburis
631 575 664 635 et
685 571 812 635 moenia
835 569 948 657 Catili3

137 657 236 724 Siccis
259 659 367 723 omnia
388 681 463 723 nam
486 659 566 722 dura
588 659 665 723 deus
688 659 858 743 proposuit
880 683 985 746 neque

136 746 301 812 Mordaces
325 747 417 811 aliter
440 747 613 831 diffugiunt
636 746 878 813 sollicitudines.

103 905 118 953 5
137 887 216 964 Quis
234 891 309 972 post
326 889 401 952 vina
419 908 548 971 gravem
566 887 716 951 militiam
735 891 791 951 aut
808 889 996 972 pauperiem
1012 910 1082 974 crepa

137 975 216 1052 Quis
234 997 299 1039 non
317 979 349 1040 te
364 976 481 1059 potius,
498 974 622 1040 Bacche
639 979 739 1060 pater,
761 980 867 1059 teque,
884 977 998 1043 decens
1011 977 1082 1044 Venu

137 1062 186 1127 Ac
207 1063 320 1147 nequis
343 1063 460 1127 modici
482 1063 644 1127 transiliat
665 1064 815 1128 lmunera
835 1063 961 1150 Liberi,

138 1150 314 1216 Centaurea
335 1155 445 1216 monet
468 1173 540 1216 cum
562 1151 709 1235 Lapithis
732 1152 802 1216 rixa
824 1173 922 1236 super
945 1176 1030 1220 mero

137 1291 316 1375 Debellata,
339 1295 448 1356 monet
472 1291 627 1356 Sithoniis
650 1314 715 1356 non
737 1291 817 1357 levis
839 1292 984 1381 Euhius,

90 1399 120 1446 10
139 1377 219 1444 Cum
241 1379 290 1443 fas
313 1384 408 1464 atque
430 1380 519 1445 nefas
543 1380 658 1464 exiguo
680 1381 744 1445 fine
766 1380 940 1447 libidinum

137 1468 331 1532 Discernunt
354 1469 446 1533 avidi.
486 1468 563 1534 Non
586 1489 645 1552 ego
669 1472 714 1552 te,
738 1468 869 1533 candide
892 1469 1060 1557 Bassareu,

138 1555 280 1620 Invitum
304 1557 444 1640 quatiam
467 1579 526 1622 nec
547 1557 645 1621 variis
668 1556 773 1621 obsita
794 1557 965 1625 frondibus

140 1695 206 1762 Sub
230 1697 338 1761 divum
361 1698 491 1781 rapiam.
534 1696 635 1762 Saeva
657 1702 730 1762 tene
753 1720 826 1763 cum
847 1698 1040 1784 Berecyntio

139 1784 246 1850 Cornu
269 1789 434 1869 tympana,
458 1808 538 1870 quae
562 1786 768 1870 subsequitur
791 1808 902 1852 caecus
925 1787 1030 1855 Amor
1050 1811 1082 1855 su]

88 1892 120 1940 15
138 1873 183 1938 Et
205 1873 321 1938 tollens
344 1895 479 1938 vacuum
501 1873 575 1957 plus
597 1874 697 1938 nimio
721 1872 832 1938 Gloria
852 1877 1009 1942 verticem

139 1960 320 2045 Arcanique
341 1960 438 2025 Fides
460 1962 608 2048 prodiga,
630 1961 823 2045 perlucidior
845 1962 939 2028 uitro.

575 2277 711 2343 XVIIIL

248 2400 352 2465 Mater
375 2422 469 2464 saeva
492 2398 685 2485 Cupidinum

297 2488 528 2573 Thebanaeque
551 2489 641 2554 iubet
663 2512 714 2554 me
739 2489 879 2558 Semeles
901 2516 984 2578 puer

250 2576 295 2641 Et
317 2577 436 2641 lasciva
457 2576 602 2642 Licentia

296 2664 413 2729 Finitis
436 2665 579 2729 animum
601 2667 731 2732 reddere
755 2668 925 2734 amoribus.

253 2805 325 2871 Vrit
345 2828 396 2871 me
420 2805 573 2890 Glycerae
595 2808 694 2892 nitor,

300 2893 503 2978 Splendentis
526 2893 620 2959 Pario
643 2918 801 2962 marmore
822 2898 949 2984 purius3

250 2981 326 3047 Vrit
348 2987 440 3067 grata
462 2983 654 3067 protervitas

298 3069 343 3133 Et
365 3070 471 3135 voltus
494 3071 630 3136 nimium
652 3072 794 3137 lubricus
817 3073 946 3157 adspici.

251 3208 290 3274 In
312 3231 363 3274 me
386 3213 455 3274 tota
477 3234 572 3276 ruens
595 3211 705 3278 Venus

302 3296 442 3382 Cyprum
466 3299 618 3385 deseruit,
641 3324 699 3366 nec
721 3303 843 3386 patitur
867 3301 1004 3386 Scythas

251 3384 319 3450 Aut
340 3386 441 3451 versis
465 3388 643 3453 animosum
667 3391 757 3474 equis

295 3473 451 3538 Parthum
476 3475 591 3562 dicere,
613 3499 671 3543 nec
694 3501 774 3562 quae
798 3478 879 3543 nihil
902 3478 1028 3545 attinet
