2370 4028
49 224 184 297 1.x1111.]
408 224 516 280 amna
532 225 594 282 1111.

110 368 179 433 Neo
202 366 284 432 Coae
306 369 449 433 referunt
472 369 536 432 iam
559 370 620 434 tibi
642 392 802 455 purpurae

109 456 178 521 Nec
201 455 279 521 clari
301 455 423 540 lapides
446 461 604 542 tempora,
628 480 710 543 quae
732 458 831 524 semel

152 543 249 609 Notis
273 545 401 608 condita
422 545 514 609 fastis
971 565 1004 614 15

196 631 332 697 Inclusit
355 632 494 698 volucris
518 633 593 699 dies.

110 781 180 859 Quo
203 783 289 868 fugit
311 804 424 867 venus,
446 781 524 866 heu,
546 804 650 867 quove
672 783 781 848 color?
805 783 919 850 decens

109 870 179 947 Quo
202 870 331 935 motus?
373 870 458 947 Quid
479 870 578 936 habes
601 871 703 956 illius,
725 871 826 956 illius,

153 957 240 1035 Quae
262 959 405 1044 spirabat
428 980 564 1044 amores,

197 1046 284 1124 Quae
306 1069 358 1112 me
381 1051 550 1131 surpuerat
571 1045 665 1132 mihi,

107 1193 198 1259 Felix
221 1199 295 1279 post
319 1195 466 1262 Cinaram
488 1202 628 1281 notaque
651 1202 684 1262 et
706 1199 823 1262 artium

110 1281 280 1347 stratarum
302 1284 421 1349 facies?
463 1283 526 1350 Sed
550 1284 681 1350 Cinarae
704 1285 816 1352 breves

151 1370 263 1436 Annos
286 1371 353 1437 fata
376 1373 542 1458 dederunt,

197 1458 369 1526 Servatura
391 1461 445 1526 diu
467 1483 577 1545 parem

108 1606 251 1673 Cornicis
273 1610 399 1675 vetulae
422 1610 622 1694 temporibus
643 1610 765 1695 Lycen,
966 1629 1001 1678 aa

106 1694 242 1761 Possent
264 1702 301 1763 ut
323 1699 453 1764 iuvenes
475 1698 578 1764 visere
600 1699 715 1763 fervidi

149 1782 254 1849 Multo
277 1807 342 1850 non
364 1787 433 1852 sine
455 1787 523 1851 risu

193 1872 360 1958 Dilapsam
383 1875 418 1939 in
441 1875 561 1940 cineres
584 1874 694 1940 facem.

416 2123 559 2133 ---..

444 2321 550 2387 XIIII.

153 2444 240 2521 Quae
263 2466 340 2510 cura
360 2449 490 2529 patrum
513 2467 632 2530 quaeve
656 2445 829 2523 Quiritium

151 2532 260 2598 Plenis
282 2532 440 2599 bonorum
462 2534 649 2599 muneribus
671 2538 757 2619 tuas,

195 2619 356 2706 Auguste,
377 2623 514 2688 virtutes
536 2623 571 2687 in
594 2645 706 2688 aevum

238 2707 302 2774 Per
324 2710 437 2776 titulos
459 2732 680 2795 memoresque
701 2711 804 2776 faetus

151 2858 336 2944 †Aeternet,
358 2881 392 2944 o,
415 2882 478 2945 qua
500 2860 549 2925 sol
570 2860 762 2926 habitabiles

150 2945 307 3012 Inlustrat
329 2970 415 3032 oras,
437 2949 575 3013 maxime
597 2949 793 3035 principum,

195 3034 296 3112 Quem
319 3036 401 3122 legis
424 3041 569 3120 expertes
591 3036 724 3102 Latinae

238 3122 399 3190 Vindelici
422 3125 559 3190 didicere
580 3148 695 3210 nuper,

150 3272 234 3350 Quid
255 3278 358 3338 marte
380 3296 500 3359 posses.
540 3274 645 3341 Milite
667 3277 759 3342 †nam
781 3281 838 3343 tuo

148 3361 273 3427 Drusus
297 3361 480 3447 Genaunes,
502 3363 697 3446 inplacidum
721 3387 835 3451 genus,
961 3385 995 3434 ιο

192 3449 399 3536 Breunosque
422 3451 545 3517 veloces
568 3457 601 3517 et
623 3475 711 3519 arces

236 3537 374 3624 Alpibus
396 3540 553 3625 inpositas
575 3543 749 3608 tremendis
