2370 4028
426 214 709 272 PROLEGOMENA.
1033 215 1072 271 ix

62 363 184 441 quidem
206 363 469 443 dittographia·in
491 364 641 425 codicibus
663 365 837 426 Horatianis
859 365 930 425 talis
953 367 1011 441 est,
1035 368 1071 425 ut

62 455 144 514 certo
166 456 282 513 constet
305 471 370 512 eam
392 453 542 513 Mavortio
565 471 628 512 esse
651 452 882 513 adscribendam.

149 540 244 602 Porro
266 544 393 618 apparet
409 544 544 617 tempore
561 541 822 619 Mercvingiorum,
846 541 927 617 quod
949 541 1070 600 minime

64 634 130 688 erat
157 631 360 707 opportunum
389 629 509 705 studiis,
532 629 713 706 paucissima
742 629 922 706 exemplaria
950 628 1071 689 Horatii

63 717 205 794 extitisse,
226 718 353 776 maxime
375 717 407 776 in
431 715 542 793 Gallia,
566 735 644 793 quae
668 720 816 793 quantum
841 718 989 794 profuerit
1011 735 1070 776 ser-

64 804 168 864 vandis
189 805 287 866 medio
310 823 384 866 aevo
411 805 495 864 libris
517 804 633 864 Latinis
655 805 767 864 nomini
793 805 943 883 ignotum,
967 825 1070 881 quem·

63 912 155 970 quam
181 893 355 954 Blandinios
382 893 496 954 codices
523 893 619 954 Roma
646 891 823 953 Gandavum
849 893 980 970 perlatos
1008 911 1071 952 esse

62 983 188 1042 constat
228 981 327 1060 Igitur
349 1000 386 1040 ne
413 982 469 1042 hoc
492 981 613 1058 quidem
636 983 681 1040 est
702 981 824 1058 mirum,
854 982 936 1058 quod
957 981 1070 1042 codices

61 1068 183 1129 Horatii
206 1068 393 1148 Carolingica
420 1071 519 1129 aetate
542 1070 726 1146 antiquiores
749 1089 809 1131 non
835 1069 897 1128 iam
918 1070 1070 1146 reperiun-

62 1161 116 1216 tur
143 1189 184 1198 -
211 1177 282 1217 nam
312 1159 392 1234 ipsos
423 1158 597 1218 Blandinios
629 1176 703 1217 saec.
733 1158 825 1217 fluisse
856 1159 928 1218 noni
960 1157 1072 1217 edsth

63 1244 215 1321 (iruquius
230 1277 272 1288 -
284 1249 315 1305 et
333 1245 455 1322 quidam
469 1265 581 1306 errores
595 1246 714 1306 Horatii
728 1245 863 1306 codicum
877 1245 1072 1324 Merovingici

61 1334 205 1410 temporis
228 1353 300 1410 prae
323 1351 354 1393 se
377 1336 478 1393 ferunt
503 1334 655 1412 originem

151 1421 381 1500 Dittographiee
404 1425 505 1482 autem
527 1422 603 1481 istae
625 1425 744 1498 praeter
772 1440 834 1498 eas,
858 1440 933 1499 quas
961 1422 1071 1481 litteris

61 1510 240 1587 permutetis
263 1510 326 1570 sive
343 1511 466 1586 syllabis
488 1528 645 1587 perperam
666 1510 815 1569 dissectis
834 1528 888 1569 seu
905 1510 1070 1570 coniunctis

61 1598 112 1658 vel
138 1597 283 1657 similibus
311 1601 437 1675 apparet
464 1617 526 1657 esse
553 1601 634 1659 ortas
657 1598 818 1673 erroribus,
844 1601 973 1658 novatae
1001 1601 1071 1656 sunt

62 1688 119 1745 aut
140 1689 176 1744 ut
197 1686 256 1746 loci
277 1687 412 1747 mendosi
433 1686 482 1746 vel
503 1687 637 1747 lacunosi
659 1687 721 1746 sive
744 1685 878 1746 difficiles
906 1686 1070 1762 qualicum-

63 1793 123 1851 que
152 1773 240 1834 modo
269 1774 489 1852 corrigerentur
517 1778 571 1833 aut
598 1774 736 1850 cupidine
762 1774 899 1832 variandi
925 1774 1071 1835 vocabule

62 1881 240 1939 synonyma,
269 1863 318 1921 cui
351 1862 470 1939 quidem
501 1862 664 1939 plurimum
695 1862 852 1922 indulsisse
883 1862 974 1921 medii
1005 1862 1071 1921 aevi

62 1950 222 2011 monachos
245 1951 294 2009 cui
311 1949 468 2029 ignotum?
490 1951 541 2010 Ac
562 1951 652 2010 satis
676 1951 819 2011 constat
841 1950 911 2009 iam
932 1950 969 2008 in
990 1949 1071 2025 ipsa

63 2039 292 2115 antiquitate
313 2039 487 2100 librarios
509 2038 604 2098 haud
626 2058 708 2099 raro
731 2038 862 2098 lusisse
885 2038 1070 2097 variandis

62 2127 278 2202 synonymis.
301 2126 456 2186 Auctum
473 2127 509 2186 id
522 2127 652 2187 vitium
669 2127 783 2187 medio
802 2145 902 2203 aevo,
919 2127 1071 2185 maxime

63 2234 83 2274 a
107 2214 227 2275 Caroli
254 2215 374 2293 Magni
401 2218 562 2292 tempore
588 2234 703 2291 usquo
730 2214 773 2273 ad
800 2233 888 2274 saec.
911 2214 1005 2273 XIIL
1029 2246 1071 2255 -

62 2303 167 2361 Veluti
188 2303 279 2362 habes
301 2303 334 2361 in
356 2304 474 2379 scriptis
491 2303 564 2364 Hor.
582 2306 754 2380 permutata
776 2303 859 2362 libris
881 2302 1001 2379 optimis
1019 2303 1072 2360 illa

62 2392 139 2450 redit
152 2422 194 2432 —
208 2393 297 2458 omit,
321 2394 402 2466 apris
416 2423 458 2434 -
472 2393 562 2460 orcis,
586 2394 733 2451 laboribus
747 2423 789 2432 -
806 2393 960 2450 doloribus.
997 2391 1073 2449 Erat

64 2479 155 2538 etiam
177 2478 230 2537 ubi
255 2479 393 2539 monachi
419 2479 451 2537 in
474 2478 664 2540 describendo
686 2479 812 2539 Horatio
841 2478 1002 2539 bibliorum
1024 2479 1073 2538 vel

63 2565 237 2643 disciplinae
260 2567 439 2627 christianae
467 2568 555 2627 nimis
579 2571 677 2628 essent
699 2585 856 2643 memores,
879 2566 976 2627 veluti
1004 2585 1073 2625 cum

63 2655 225 2714 scriberent
250 2657 402 2729 fertote
424 2659 522 2730 protis
549 2660 635 2716 cecat
660 2657 747 2715 otioso
774 2673 840 2714 oum
867 2656 935 2715 bove
956 2656 1074 2730 pardus

63 2761 119 2819 pro
142 2761 242 2818 papus
271 2747 326 2803 aut
354 2744 393 2803 ad
423 2763 470 2803 res
499 2744 642 2803 Venerios
672 2742 862 2803 detestandas
892 2742 1074 2803 adiectivum

64 2835 153 2890 taeter
175 2831 392 2891 substituerent
414 2833 580 2908 scripturae
601 2833 741 2891 traditae.

152 2918 328 2979 'lbanslatao
356 2923 498 2979 autema
524 2921 653 2979 librariis
682 2940 717 2979 ex
740 2919 806 2978 aliis
834 2920 866 2978 in
889 2919 949 2979 alia
978 2938 1074 2979 exem·

63 3007 197 3083 pleribus
223 3007 469 3085 interpolationes
496 3009 605 3068 sensim
634 3008 725 3068 otiam
754 3008 885 3086 integros
915 3007 1075 3067 foedarunt

63 3094 164 3155 libros.

147 3183 213 3241 Iam
241 3202 319 3259 quae
348 3185 387 3243 ad
416 3185 599 3244 emendanda
627 3184 747 3244 Horatii
774 3184 886 3260 scripte
917 3183 1075 3243 commenti

64 3274 135 3330 suut
160 3272 310 3348 monachi,
340 3273 443 3348 qualia
469 3273 559 3332 hebes
588 3293 611 3332 o·
630 3272 690 3348 ΠΙ,
709 3274 738 3348 5,
758 3274 813 3346 373
838 3275 888 3347 24,
910 3274 944 3345 43
972 3291 1017 3347 ep.
1036 3271 1075 3348 Π,
1107 3261 1109 3265 ’

65 3361 191 3437 2199,
221 3360 285 3420 eius
312 3362 373 3420 fere
401 3364 471 3420 sunt
501 3365 601 3436 notae,
631 3363 669 3418 ut
690 3360 740 3420 vix
766 3360 945 3421 mediocrem
972 3360 1076 3419 fallere

63 3447 178 3525 possint
196 3447 342 3508 criticum.

152 3536 318 3612 Aliquanto
341 3535 492 3596 difficilius
516 3540 561 3596 est
584 3538 712 3596 altorum
742 3555 836 3615 genus
860 3536 1075 3614 dittographia·
