2370 4028
494 190 691 246 caemar
879 191 1044 267 [xvmxu

531 366 652 432 XVIII.

218 493 340 577 Fauna,
362 491 588 576 Nympharum
609 491 798 576 fugientum
825 500 968 583 amator,

218 581 281 645 Per
303 603 391 645 meos
414 581 494 644 fines
518 584 551 644 et
573 579 681 663 aprica
702 603 781 646 rura

219 669 315 734 Lenis
338 669 466 733 incedas
489 668 647 752 abeasque
667 670 779 752 parvis

263 757 395 841 Aequus
419 756 570 840 alumnis,

222 897 256 961 Si
279 902 368 962 tener
391 896 485 981 pleno
509 896 594 961 cadit
615 895 736 960 haedus
760 919 865 985 anno,

219 985 324 1071 Larga
346 1007 405 1049 nec
426 985 541 1049 desunt
562 983 698 1048 Veneris
720 985 827 1051 sodali

221 1073 307 1138 Vina
329 1078 481 1156 craterae,
504 1076 596 1137 vetus
619 1094 674 1136 ara
695 1072 800 1138 multe

263 1161 380 1226 Fumat
402 1161 505 1225 odore.

220 1302 319 1366 Ludit
340 1302 476 1365 herboso
499 1323 596 1385 pecus
619 1322 712 1366 omne
735 1323 866 1390 campo,
989 1335 991 1338 ⁴

222 1389 302 1454 Cum
325 1389 385 1454 tibi
407 1410 509 1453 nonae
532 1389 667 1454 redeunt
687 1388 902 1479 Decembres3

220 1477 335 1542 Festus
359 1479 393 1542 in
415 1477 516 1561 pratis
539 1482 632 1541 vacat
654 1478 758 1542 otioso

267 1565 347 1630 Cum
369 1566 450 1630 bove
473 1585 589 1649 pagus3

222 1704 311 1770 Inter
333 1706 466 1769 audaces
489 1704 585 1789 lupus
609 1710 693 1770 errat
715 1726 831 1792 agnos3

221 1792 371 1877 †Spargit
394 1797 535 1877 agrestes
558 1793 619 1857 tibi
642 1792 722 1858 silva
743 1794 889 1883 frondes;

92 1900 124 1947 15
225 1881 349 1945 Gaudet
371 1882 508 1945 invisam
530 1880 692 1965 pepulisse
714 1882 821 1947 fossor

267 1970 329 2033 Ter
350 1970 430 2053 pede
452 1974 578 2033 terram.

513 2166 672 2174 ——.—-

526 2302 663 2368 XVIIII.

179 2426 340 2504 Quantum
365 2426 462 2490 distet
485 2427 524 2490 ab
548 2425 666 2491 Inacho

223 2514 344 2579 Codrus
367 2536 425 2599 pro
449 2515 553 2598 patria
575 2537 640 2579 non
662 2515 795 2580 timidus
817 2516 903 2582 mori

178 2603 298 2669 Narras
322 2606 355 2667 et
377 2623 477 2688 genus
500 2602 598 2667 Aeaci

222 2692 268 2755 Et
290 2695 432 2775 pugnata
455 2713 544 2755 sacro
567 2690 652 2755 bella
674 2691 733 2755 sub
756 2689 832 2776 IIi03

109 2850 125 2897 5
180 2832 250 2908 Quo
274 2830 389 2895 Chium
411 2831 515 2915 pretio
539 2830 652 2894 cadum

222 2920 412 3003 Mercemur,
437 2918 508 3002 quis
532 2939 647 3001 aquam
670 2922 826 3002 temperet
849 2920 993 3006 Ignibus,

180 3008 249 3084 Quo
272 3008 444 3091 praebente
467 3006 597 3070 domum
620 3010 652 3071 et
675 3010 773 3090 quota

223 3095 385 3180 Paeh'gnis
408 3116 531 3160 caream
553 3093 742 3178 frigoribus,
765 3099 861 3158 taces.

179 3237 230 3300 Da
251 3235 345 3298 lunae
367 3256 501 3318 propere
523 3255 637 3317 novae,

92 3341 125 3388 10
222 3323 274 3387 Da
296 3323 399 3386 noetis
422 3323 558 3406 mediae,
582 3322 634 3405 da,
656 3343 749 3404 puer,
772 3322 904 3406 auguris

179 3411 343 3476 Murenae:
366 3411 470 3475 tribus
494 3415 549 3474 aut
571 3431 686 3474 novem

223 3499 400 3563 Miscentur
423 3499 547 3581 cyathis
570 3497 686 3582 pocula
708 3497 893 3564 commodis.
