<?xml version="1.0" encoding="UTF-8"?>
<!DOCTYPE html PUBLIC "-//W3C//DTD XHTML 1.0 Transitional//EN"
    "http://www.w3.org/TR/xhtml1/DTD/xhtml1-transitional.dtd">
<html xmlns="http://www.w3.org/1999/xhtml" xml:lang="en" lang="en">
 <head>
  <title>
</title>
<meta http-equiv="Content-Type" content="text/html;charset=utf-8" />
  <meta name='ocr-system' content='tesseract 3.04.00' />
  <meta name='ocr-capabilities' content='ocr_page ocr_carea ocr_par ocr_line ocrx_word'/>
</head>
<body>
  <div class='ocr_page' id='page_1' title='image "./qhoratiusflacci01horagoog_0153.png"; bbox 0 0 2370 4028; ppageno 0'>
   <div class='ocr_carea' id='block_1_1' title="bbox 495 205 696 261">
    <p class='ocr_par' dir='ltr' id='par_1_1' title="bbox 495 205 696 261">
     <span class='ocr_line' id='line_1_1' title="bbox 495 205 696 261; baseline 0 0"><span class='ocrx_word' id='word_1_1' title='bbox 495 205 696 261; x_wconf 76' lang='lat' dir='ltr'><strong>clmmvvm</strong></span> 
     </span>
    </p>
   </div>
   <div class='ocr_carea' id='block_1_2' title="bbox 222 349 908 523">
    <p class='ocr_par' dir='ltr' id='par_1_2' title="bbox 222 349 908 523">
     <span class='ocr_line' id='line_1_2' title="bbox 222 349 832 435; baseline 0.003 -21"><span class='ocrx_word' id='word_1_2' title='bbox 222 349 285 415; x_wconf 83' lang='lat' dir='ltr'><strong>Seu</strong></span> <span class='ocrx_word' id='word_1_3' title='bbox 309 350 384 414; x_wconf 89' lang='lat' dir='ltr'><strong>deos</strong></span> <span class='ocrx_word' id='word_1_4' title='bbox 407 371 538 435; x_wconf 82' lang='lat' dir='ltr'>regesve</span> <span class='ocrx_word' id='word_1_5' title='bbox 561 350 660 434; x_wconf 87' lang='lat' dir='ltr'><strong>canit,</strong></span> <span class='ocrx_word' id='word_1_6' title='bbox 684 350 832 416; x_wconf 91' lang='lat' dir='ltr'><strong>deorum</strong></span> 
     </span>
     <span class='ocr_line' id='line_1_3' title="bbox 222 437 908 523; baseline 0.006 -21"><span class='ocrx_word' id='word_1_7' title='bbox 222 437 432 523; x_wconf 80' lang='lat' dir='ltr'><strong>Sanguinem,</strong></span> <span class='ocrx_word' id='word_1_8' title='bbox 454 460 511 522; x_wconf 90' lang='lat' dir='ltr'><strong>per</strong></span> <span class='ocrx_word' id='word_1_9' title='bbox 534 459 614 522; x_wconf 90' lang='lat' dir='ltr'><strong>quos</strong></span> <span class='ocrx_word' id='word_1_10' title='bbox 638 438 791 504; x_wconf 75' lang='lat' dir='ltr'>cecidere</span> <span class='ocrx_word' id='word_1_11' title='bbox 815 440 908 506; x_wconf 88' lang='lat' dir='ltr'><strong>iusta</strong></span> 
     </span>
    </p>
   </div>
   <div class='ocr_carea' id='block_1_3' title="bbox 220 525 874 694">
    <p class='ocr_par' dir='ltr' id='par_1_3' title="bbox 220 525 874 694">
     <span class='ocr_line' id='line_1_4' title="bbox 220 525 874 610; baseline 0.005 -19"><span class='ocrx_word' id='word_1_12' title='bbox 220 526 325 592; x_wconf 89' lang='lat' dir='ltr'><strong>Morte</strong></span> <span class='ocrx_word' id='word_1_13' title='bbox 350 525 514 610; x_wconf 75' lang='lat' dir='ltr'><strong>Centauri,</strong></span> <span class='ocrx_word' id='word_1_14' title='bbox 537 526 651 591; x_wconf 91' lang='lat' dir='ltr'><strong>cecidit</strong></span> <span class='ocrx_word' id='word_1_15' title='bbox 673 528 874 594; x_wconf 75' lang='lat' dir='ltr'><strong>tremendae</strong></span> 
     </span>
     <span class='ocr_line' id='line_1_5' title="bbox 264 613 630 694; baseline -0.003 -15"><span class='ocrx_word' id='word_1_16' title='bbox 264 615 410 679; x_wconf 80' lang='lat' dir='ltr'><strong>Flamma</strong></span> <span class='ocrx_word' id='word_1_17' title='bbox 432 613 630 694; x_wconf 78' lang='lat' dir='ltr'><strong>Chimaerae,</strong></span> 
     </span>
    </p>
   </div>
   <div class='ocr_carea' id='block_1_4' title="bbox 220 772 906 1122">
    <p class='ocr_par' dir='ltr' id='par_1_4' title="bbox 223 772 809 858">
     <span class='ocr_line' id='line_1_6' title="bbox 223 772 809 858; baseline 0 -20"><span class='ocrx_word' id='word_1_18' title='bbox 223 772 297 838; x_wconf 84' lang='lat' dir='ltr'><strong>Sive</strong></span> <span class='ocrx_word' id='word_1_19' title='bbox 320 795 401 858; x_wconf 88' lang='lat' dir='ltr'><strong>quos</strong></span> <span class='ocrx_word' id='word_1_20' title='bbox 419 773 500 838; x_wconf 80' lang='lat' dir='ltr'><strong>Elea</strong></span> <span class='ocrx_word' id='word_1_21' title='bbox 522 773 652 837; x_wconf 89' lang='lat' dir='ltr'><strong>domum</strong></span> <span class='ocrx_word' id='word_1_22' title='bbox 675 772 809 838; x_wconf 79' lang='lat' dir='ltr'><strong>reducit</strong></span> 
     </span>
    </p>

    <p class='ocr_par' dir='ltr' id='par_1_5' title="bbox 220 860 906 945">
     <span class='ocr_line' id='line_1_7' title="bbox 220 860 906 945; baseline 0.004 -20"><span class='ocrx_word' id='word_1_23' title='bbox 220 861 332 925; x_wconf 82' lang='lat' dir='ltr'><strong>Palma</strong></span> <span class='ocrx_word' id='word_1_24' title='bbox 355 861 506 926; x_wconf 86' lang='lat' dir='ltr'><strong>caelestes</strong></span> <span class='ocrx_word' id='word_1_25' title='bbox 528 860 711 945; x_wconf 84' lang='lat' dir='ltr'><strong>pugilemve</strong></span> <span class='ocrx_word' id='word_1_26' title='bbox 734 882 906 945; x_wconf 83' lang='lat' dir='ltr'><strong>equumve</strong></span> 
     </span>
    </p>

    <p class='ocr_par' dir='ltr' id='par_1_6' title="bbox 220 948 792 1122">
     <span class='ocr_line' id='line_1_8' title="bbox 220 948 792 1034; baseline 0 -20"><span class='ocrx_word' id='word_1_27' title='bbox 220 950 309 1015; x_wconf 84' lang='lat' dir='ltr'><strong>Dicit</strong></span> <span class='ocrx_word' id='word_1_28' title='bbox 332 954 364 1014; x_wconf 92' lang='lat' dir='ltr'><strong>et</strong></span> <span class='ocrx_word' id='word_1_29' title='bbox 387 954 515 1015; x_wconf 91' lang='lat' dir='ltr'><strong>centum</strong></span> <span class='ocrx_word' id='word_1_30' title='bbox 536 948 661 1032; x_wconf 88' lang='lat' dir='ltr'><strong>potiore</strong></span> <span class='ocrx_word' id='word_1_31' title='bbox 684 949 792 1034; x_wconf 88' lang='lat' dir='ltr'><strong>signis</strong></span> 
     </span>
     <span class='ocr_line' id='line_1_9' title="bbox 265 1037 532 1122; baseline 0 -20"><span class='ocrx_word' id='word_1_32' title='bbox 265 1037 398 1103; x_wconf 90' lang='lat' dir='ltr'><strong>Munere</strong></span> <span class='ocrx_word' id='word_1_33' title='bbox 422 1039 532 1122; x_wconf 90' lang='lat' dir='ltr'><strong>donat,</strong></span> 
     </span>
    </p>
   </div>
   <div class='ocr_carea' id='block_1_5' title="bbox 220 1185 918 1360">
    <p class='ocr_par' dir='ltr' id='par_1_7' title="bbox 220 1185 918 1360">
     <span class='ocr_line' id='line_1_10' title="bbox 220 1185 863 1271; baseline 0.003 -21"><span class='ocrx_word' id='word_1_34' title='bbox 220 1186 337 1251; x_wconf 83' lang='lat' dir='ltr'><strong>Flebili</strong></span> <span class='ocrx_word' id='word_1_35' title='bbox 360 1208 495 1271; x_wconf 78' lang='lat' dir='ltr'><strong>sponsae</strong></span> <span class='ocrx_word' id='word_1_36' title='bbox 518 1185 705 1250; x_wconf 78' lang='lat' dir='ltr'><strong>iuvenemve</strong></span> <span class='ocrx_word' id='word_1_37' title='bbox 727 1190 863 1270; x_wconf 89' lang='lat' dir='ltr'><strong>raptum</strong></span> 
     </span>
     <span class='ocr_line' id='line_1_11' title="bbox 221 1274 918 1360; baseline 0.006 -22"><span class='ocrx_word' id='word_1_38' title='bbox 221 1274 332 1340; x_wconf 91' lang='lat' dir='ltr'><strong>Plorat</strong></span> <span class='ocrx_word' id='word_1_39' title='bbox 354 1281 386 1340; x_wconf 91' lang='lat' dir='ltr'><strong>et</strong></span> <span class='ocrx_word' id='word_1_40' title='bbox 408 1276 493 1339; x_wconf 88' lang='lat' dir='ltr'><strong>vires</strong></span> <span class='ocrx_word' id='word_1_41' title='bbox 515 1274 720 1357; x_wconf 89' lang='lat' dir='ltr'><strong>animumque</strong></span> <span class='ocrx_word' id='word_1_42' title='bbox 742 1296 918 1360; x_wconf 88' lang='lat' dir='ltr'><strong>moresque</strong></span> 
     </span>
    </p>
   </div>
   <div class='ocr_carea' id='block_1_6' title="bbox 220 1361 824 1517">
    <p class='ocr_par' dir='ltr' id='par_1_8' title="bbox 220 1361 824 1517">
     <span class='ocr_line' id='line_1_12' title="bbox 220 1361 824 1446; baseline 0.002 -19"><span class='ocrx_word' id='word_1_43' title='bbox 220 1362 346 1429; x_wconf 89' lang='lat' dir='ltr'><strong>Aureos</strong></span> <span class='ocrx_word' id='word_1_44' title='bbox 370 1364 476 1429; x_wconf 83' lang='lat' dir='ltr'><strong>educit</strong></span> <span class='ocrx_word' id='word_1_45' title='bbox 497 1362 531 1426; x_wconf 92' lang='lat' dir='ltr'><strong>in</strong></span> <span class='ocrx_word' id='word_1_46' title='bbox 555 1366 641 1426; x_wconf 85' lang='lat' dir='ltr'><strong>astra</strong></span> <span class='ocrx_word' id='word_1_47' title='bbox 663 1361 824 1446; x_wconf 90' lang='lat' dir='ltr'><strong>nigroque</strong></span> 
     </span>
     <span class='ocr_line' id='line_1_13' title="bbox 265 1449 505 1517; baseline 0 -2"><span class='ocrx_word' id='word_1_48' title='bbox 265 1450 391 1517; x_wconf 89' lang='lat' dir='ltr'><strong>Invidet</strong></span> <span class='ocrx_word' id='word_1_49' title='bbox 413 1449 505 1516; x_wconf 89' lang='lat' dir='ltr'><strong>Orco.</strong></span> 
     </span>
    </p>
   </div>
   <div class='ocr_carea' id='block_1_7' title="bbox 206 1580 901 1949">
    <p class='ocr_par' dir='ltr' id='par_1_9' title="bbox 206 1580 901 1687">
     <span class='ocr_line' id='line_1_14' title="bbox 206 1580 901 1687; baseline -0.001 -21"><span class='ocrx_word' id='word_1_50' title='bbox 206 1580 326 1666; x_wconf 45' lang='lat' dir='ltr'><strong>&#39;Multa</strong></span> <span class='ocrx_word' id='word_1_51' title='bbox 347 1602 518 1666; x_wconf 82' lang='lat' dir='ltr'><strong>Dircaeum</strong></span> <span class='ocrx_word' id='word_1_52' title='bbox 540 1600 627 1664; x_wconf 88' lang='lat' dir='ltr'><strong>levat</strong></span> <span class='ocrx_word' id='word_1_53' title='bbox 649 1621 727 1664; x_wconf 90' lang='lat' dir='ltr'><strong>aura</strong></span> <span class='ocrx_word' id='word_1_54' title='bbox 749 1621 901 1687; x_wconf 81' lang='lat' dir='ltr'><strong>cycnum,</strong></span> 
     </span>
    </p>

    <p class='ocr_par' dir='ltr' id='par_1_10' title="bbox 225 1687 846 1774">
     <span class='ocr_line' id='line_1_15' title="bbox 225 1687 846 1774; baseline 0 -21"><span class='ocrx_word' id='word_1_55' title='bbox 225 1688 350 1773; x_wconf 86' lang='lat' dir='ltr'><strong>Tendit,</strong></span> <span class='ocrx_word' id='word_1_56' title='bbox 373 1689 509 1774; x_wconf 86' lang='lat' dir='ltr'><strong>Antoni,</strong></span> <span class='ocrx_word' id='word_1_57' title='bbox 532 1689 679 1773; x_wconf 85' lang='lat' dir='ltr'><strong>quotiens</strong></span> <span class='ocrx_word' id='word_1_58' title='bbox 703 1687 738 1752; x_wconf 91' lang='lat' dir='ltr'><strong>in</strong></span> <span class='ocrx_word' id='word_1_59' title='bbox 761 1687 846 1753; x_wconf 88' lang='lat' dir='ltr'><strong>altos</strong></span> 
     </span>
    </p>

    <p class='ocr_par' dir='ltr' id='par_1_11' title="bbox 220 1774 888 1949">
     <span class='ocr_line' id='line_1_16' title="bbox 220 1774 888 1861; baseline -0.001 -18"><span class='ocrx_word' id='word_1_60' title='bbox 220 1777 366 1843; x_wconf 90' lang='lat' dir='ltr'><strong>Nubium</strong></span> <span class='ocrx_word' id='word_1_61' title='bbox 388 1782 518 1843; x_wconf 86' lang='lat' dir='ltr'><strong>tractus.</strong></span> <span class='ocrx_word' id='word_1_62' title='bbox 558 1776 630 1861; x_wconf 81' lang='lat' dir='ltr'><strong>Ego</strong></span> <span class='ocrx_word' id='word_1_63' title='bbox 654 1777 722 1860; x_wconf 90' lang='lat' dir='ltr'><strong>apis</strong></span> <span class='ocrx_word' id='word_1_64' title='bbox 744 1774 888 1842; x_wconf 86' lang='lat' dir='ltr'><strong>Matinae</strong></span> 
     </span>
     <span class='ocr_line' id='line_1_17' title="bbox 265 1865 536 1949; baseline -0.004 -19"><span class='ocrx_word' id='word_1_65' title='bbox 265 1865 355 1930; x_wconf 90' lang='lat' dir='ltr'><strong>More</strong></span> <span class='ocrx_word' id='word_1_66' title='bbox 378 1866 536 1949; x_wconf 89' lang='lat' dir='ltr'><strong>modoque</strong></span> 
     </span>
    </p>
   </div>
   <div class='ocr_carea' id='block_1_8' title="bbox 221 2011 884 2364">
    <p class='ocr_par' dir='ltr' id='par_1_12' title="bbox 224 2011 884 2098">
     <span class='ocr_line' id='line_1_18' title="bbox 224 2011 884 2098; baseline 0 -19"><span class='ocrx_word' id='word_1_67' title='bbox 224 2014 322 2080; x_wconf 80' lang='lat' dir='ltr'><strong>Grata</strong></span> <span class='ocrx_word' id='word_1_68' title='bbox 345 2014 504 2098; x_wconf 77' lang='lat' dir='ltr'><strong>carpentis</strong></span> <span class='ocrx_word' id='word_1_69' title='bbox 526 2014 639 2098; x_wconf 79' lang='lat' dir='ltr'><strong>thyma</strong></span> <span class='ocrx_word' id='word_1_70' title='bbox 660 2035 717 2096; x_wconf 93' lang='lat' dir='ltr'><strong>per</strong></span> <span class='ocrx_word' id='word_1_71' title='bbox 739 2011 884 2079; x_wconf 91' lang='lat' dir='ltr'><strong>laborem</strong></span> 
     </span>
    </p>

    <p class='ocr_par' dir='ltr' id='par_1_13' title="bbox 221 2101 817 2186">
     <span class='ocr_line' id='line_1_19' title="bbox 221 2101 817 2186; baseline 0 -19"><span class='ocrx_word' id='word_1_72' title='bbox 221 2103 401 2167; x_wconf 89' lang='lat' dir='ltr'><strong>Plurimum</strong></span> <span class='ocrx_word' id='word_1_73' title='bbox 425 2102 508 2167; x_wconf 87' lang='lat' dir='ltr'><strong>circa</strong></span> <span class='ocrx_word' id='word_1_74' title='bbox 530 2123 642 2167; x_wconf 89' lang='lat' dir='ltr'><strong>nemus</strong></span> <span class='ocrx_word' id='word_1_75' title='bbox 665 2101 817 2186; x_wconf 87' lang='lat' dir='ltr'><strong>uvidique</strong></span> 
     </span>
    </p>

    <p class='ocr_par' dir='ltr' id='par_1_14' title="bbox 222 2191 756 2364">
     <span class='ocr_line' id='line_1_20' title="bbox 222 2191 756 2274; baseline -0.002 -20"><span class='ocrx_word' id='word_1_76' title='bbox 222 2191 351 2255; x_wconf 80' lang='lat' dir='ltr'><strong>Tiburis</strong></span> <span class='ocrx_word' id='word_1_77' title='bbox 373 2192 460 2274; x_wconf 89' lang='lat' dir='ltr'><strong>ripas</strong></span> <span class='ocrx_word' id='word_1_78' title='bbox 483 2212 617 2273; x_wconf 88' lang='lat' dir='ltr'><strong>operosa</strong></span> <span class='ocrx_word' id='word_1_79' title='bbox 639 2211 756 2273; x_wconf 86' lang='lat' dir='ltr'><strong>parvus</strong></span> 
     </span>
     <span class='ocr_line' id='line_1_21' title="bbox 267 2277 533 2364; baseline 0.004 -22"><span class='ocrx_word' id='word_1_80' title='bbox 267 2277 415 2343; x_wconf 79' lang='lat' dir='ltr'><strong>Carmina</strong></span> <span class='ocrx_word' id='word_1_81' title='bbox 437 2280 533 2364; x_wconf 89' lang='lat' dir='ltr'><strong>fingo.</strong></span> 
     </span>
    </p>
   </div>
   <div class='ocr_carea' id='block_1_9' title="bbox 221 2427 892 2779">
    <p class='ocr_par' dir='ltr' id='par_1_15' title="bbox 223 2427 783 2511">
     <span class='ocr_line' id='line_1_22' title="bbox 223 2427 783 2511; baseline -0.002 -18"><span class='ocrx_word' id='word_1_82' title='bbox 223 2427 378 2493; x_wconf 81' lang='lat' dir='ltr'><strong>Concines</strong></span> <span class='ocrx_word' id='word_1_83' title='bbox 401 2429 521 2492; x_wconf 91' lang='lat' dir='ltr'><strong>maiore</strong></span> <span class='ocrx_word' id='word_1_84' title='bbox 543 2431 639 2511; x_wconf 91' lang='lat' dir='ltr'><strong>poeta</strong></span> <span class='ocrx_word' id='word_1_85' title='bbox 660 2428 783 2511; x_wconf 90' lang='lat' dir='ltr'><strong>plectro</strong></span> 
     </span>
    </p>

    <p class='ocr_par' dir='ltr' id='par_1_16' title="bbox 222 2515 892 2600">
     <span class='ocr_line' id='line_1_23' title="bbox 222 2515 892 2600; baseline 0.001 -19"><span class='ocrx_word' id='word_1_86' title='bbox 222 2515 403 2600; x_wconf 80' lang='lat' dir='ltr'><strong>Gaesarem,</strong></span> <span class='ocrx_word' id='word_1_87' title='bbox 426 2517 616 2600; x_wconf 82' lang='lat' dir='ltr'><strong>quandoque</strong></span> <span class='ocrx_word' id='word_1_88' title='bbox 639 2516 746 2580; x_wconf 86' lang='lat' dir='ltr'><strong>trahet</strong></span> <span class='ocrx_word' id='word_1_89' title='bbox 768 2516 892 2582; x_wconf 87' lang='lat' dir='ltr'><strong>feroces</strong></span> 
     </span>
    </p>

    <p class='ocr_par' dir='ltr' id='par_1_17' title="bbox 221 2603 871 2779">
     <span class='ocr_line' id='line_1_24' title="bbox 221 2603 871 2671; baseline 0.002 -2"><span class='ocrx_word' id='word_1_90' title='bbox 221 2604 284 2669; x_wconf 92' lang='lat' dir='ltr'><strong>Per</strong></span> <span class='ocrx_word' id='word_1_91' title='bbox 306 2627 432 2669; x_wconf 82' lang='lat' dir='ltr'><strong>sacrum</strong></span> <span class='ocrx_word' id='word_1_92' title='bbox 457 2603 575 2669; x_wconf 92' lang='lat' dir='ltr'><strong>clivum</strong></span> <span class='ocrx_word' id='word_1_93' title='bbox 598 2604 713 2668; x_wconf 88' lang='lat' dir='ltr'><strong>merita</strong></span> <span class='ocrx_word' id='word_1_94' title='bbox 736 2605 871 2671; x_wconf 89' lang='lat' dir='ltr'><strong>decorus</strong></span> 
     </span>
     <span class='ocr_line' id='line_1_25' title="bbox 264 2690 624 2779; baseline -0.003 -22"><span class='ocrx_word' id='word_1_95' title='bbox 264 2692 391 2758; x_wconf 77' lang='lat' dir='ltr'><strong>Fronde</strong></span> <span class='ocrx_word' id='word_1_96' title='bbox 415 2690 624 2779; x_wconf 81' lang='lat' dir='ltr'><strong>Sygambros3</strong></span> 
     </span>
    </p>
   </div>
   <div class='ocr_carea' id='block_1_10' title="bbox 220 2841 965 3190">
    <p class='ocr_par' dir='ltr' id='par_1_18' title="bbox 223 2841 820 2919">
     <span class='ocr_line' id='line_1_26' title="bbox 223 2841 820 2919; baseline 0 -13"><span class='ocrx_word' id='word_1_97' title='bbox 223 2841 292 2919; x_wconf 83' lang='lat' dir='ltr'><strong>Quo</strong></span> <span class='ocrx_word' id='word_1_98' title='bbox 316 2842 398 2906; x_wconf 92' lang='lat' dir='ltr'><strong>nihil</strong></span> <span class='ocrx_word' id='word_1_99' title='bbox 420 2842 523 2906; x_wconf 91' lang='lat' dir='ltr'><strong>maius</strong></span> <span class='ocrx_word' id='word_1_100' title='bbox 548 2841 702 2905; x_wconf 88' lang='lat' dir='ltr'><strong>meliusve</strong></span> <span class='ocrx_word' id='word_1_101' title='bbox 725 2841 820 2906; x_wconf 88' lang='lat' dir='ltr'><strong>terris</strong></span> 
     </span>
    </p>

    <p class='ocr_par' dir='ltr' id='par_1_19' title="bbox 220 2928 746 3013">
     <span class='ocr_line' id='line_1_27' title="bbox 220 2928 746 3013; baseline -0.002 -20"><span class='ocrx_word' id='word_1_102' title='bbox 220 2928 301 2994; x_wconf 79' lang='lat' dir='ltr'><strong>Fata</strong></span> <span class='ocrx_word' id='word_1_103' title='bbox 324 2931 481 2995; x_wconf 90' lang='lat' dir='ltr'><strong>donavere</strong></span> <span class='ocrx_word' id='word_1_104' title='bbox 503 2929 644 3013; x_wconf 90' lang='lat' dir='ltr'><strong>bonique</strong></span> <span class='ocrx_word' id='word_1_105' title='bbox 668 2929 746 3013; x_wconf 92' lang='lat' dir='ltr'><strong>divi,</strong></span> 
     </span>
    </p>

    <p class='ocr_par' dir='ltr' id='par_1_20' title="bbox 221 3016 965 3190">
     <span class='ocr_line' id='line_1_28' title="bbox 221 3016 965 3103; baseline 0.001 -20"><span class='ocrx_word' id='word_1_106' title='bbox 221 3016 290 3083; x_wconf 89' lang='lat' dir='ltr'><strong>Nec</strong></span> <span class='ocrx_word' id='word_1_107' title='bbox 314 3018 448 3103; x_wconf 86' lang='lat' dir='ltr'><strong>dabunt,</strong></span> <span class='ocrx_word' id='word_1_108' title='bbox 472 3018 617 3101; x_wconf 90' lang='lat' dir='ltr'><strong>quamvis</strong></span> <span class='ocrx_word' id='word_1_109' title='bbox 640 3017 771 3082; x_wconf 90' lang='lat' dir='ltr'><strong>redeant</strong></span> <span class='ocrx_word' id='word_1_110' title='bbox 794 3017 829 3082; x_wconf 91' lang='lat' dir='ltr'><strong>in</strong></span> <span class='ocrx_word' id='word_1_111' title='bbox 852 3039 965 3084; x_wconf 90' lang='lat' dir='ltr'><strong>aurum</strong></span> 
     </span>
     <span class='ocr_line' id='line_1_29' title="bbox 267 3105 596 3190; baseline -0.003 -22"><span class='ocrx_word' id='word_1_112' title='bbox 267 3105 425 3190; x_wconf 81' lang='lat' dir='ltr'><strong>Tempora</strong></span> <span class='ocrx_word' id='word_1_113' title='bbox 446 3105 596 3188; x_wconf 90' lang='lat' dir='ltr'><strong>priscum.</strong></span> 
     </span>
    </p>
   </div>
   <div class='ocr_carea' id='block_1_11' title="bbox 222 3252 829 3585">
    <p class='ocr_par' dir='ltr' id='par_1_21' title="bbox 224 3252 827 3338">
     <span class='ocr_line' id='line_1_30' title="bbox 224 3252 827 3338; baseline 0.005 -21"><span class='ocrx_word' id='word_1_114' title='bbox 224 3252 378 3318; x_wconf 78' lang='lat' dir='ltr'><strong>Concincs</strong></span> <span class='ocrx_word' id='word_1_115' title='bbox 401 3252 567 3338; x_wconf 88' lang='lat' dir='ltr'><strong>laetosque</strong></span> <span class='ocrx_word' id='word_1_116' title='bbox 591 3254 657 3318; x_wconf 88' lang='lat' dir='ltr'><strong>dies</strong></span> <span class='ocrx_word' id='word_1_117' title='bbox 682 3258 714 3318; x_wconf 90' lang='lat' dir='ltr'><strong>et</strong></span> <span class='ocrx_word' id='word_1_118' title='bbox 736 3255 827 3320; x_wconf 90' lang='lat' dir='ltr'><strong>urbis</strong></span> 
     </span>
    </p>

    <p class='ocr_par' dir='ltr' id='par_1_22' title="bbox 222 3340 829 3426">
     <span class='ocr_line' id='line_1_31' title="bbox 222 3340 829 3426; baseline 0.007 -22"><span class='ocrx_word' id='word_1_119' title='bbox 222 3340 392 3406; x_wconf 91' lang='lat' dir='ltr'><strong>Publicum</strong></span> <span class='ocrx_word' id='word_1_120' title='bbox 414 3341 526 3406; x_wconf 92' lang='lat' dir='ltr'><strong>ludum</strong></span> <span class='ocrx_word' id='word_1_121' title='bbox 551 3363 646 3426; x_wconf 89' lang='lat' dir='ltr'><strong>super</strong></span> <span class='ocrx_word' id='word_1_122' title='bbox 668 3342 829 3426; x_wconf 88' lang='lat' dir='ltr'><strong>inpetrato</strong></span> 
     </span>
    </p>

    <p class='ocr_par' dir='ltr' id='par_1_23' title="bbox 222 3427 815 3585">
     <span class='ocr_line' id='line_1_32' title="bbox 222 3427 815 3518; baseline 0.007 -26"><span class='ocrx_word' id='word_1_123' title='bbox 222 3427 330 3492; x_wconf 84' lang='lat' dir='ltr'><strong>Fortis</strong></span> <span class='ocrx_word' id='word_1_124' title='bbox 352 3428 494 3515; x_wconf 89' lang='lat' dir='ltr'><strong>Augusti</strong></span> <span class='ocrx_word' id='word_1_125' title='bbox 517 3431 623 3494; x_wconf 88' lang='lat' dir='ltr'><strong>reditu</strong></span> <span class='ocrx_word' id='word_1_126' title='bbox 646 3430 815 3518; x_wconf 85' lang='lat' dir='ltr'><strong>forumque</strong></span> 
     </span>
     <span class='ocr_line' id='line_1_33' title="bbox 265 3515 672 3585; baseline 0.015 -6"><span class='ocrx_word' id='word_1_127' title='bbox 265 3515 393 3581; x_wconf 87' lang='lat' dir='ltr'><strong>Litibus</strong></span> <span class='ocrx_word' id='word_1_128' title='bbox 417 3518 539 3583; x_wconf 88' lang='lat' dir='ltr'><strong>orbum.</strong></span> <span class='ocrx_word' id='word_1_129' title='bbox 670 3581 672 3585; x_wconf 85' lang='lat'>.</span> 
     </span>
    </p>
   </div>
   <div class='ocr_carea' id='block_1_12' title="bbox 0 0 1190 4028">
    <p class='ocr_par' dir='ltr' id='par_1_24' title="bbox 0 0 1190 4028">
     <span class='ocr_line' id='line_1_34' title="bbox 0 0 1190 4028; baseline 0 0"><span class='ocrx_word' id='word_1_130' title='bbox 0 0 1190 4028; x_wconf 95' lang='lat' dir='ltr'><strong> </strong></span> 
     </span>
    </p>
   </div>
  </div>
 </body>
</html>
