2386 4020
272 226 380 282 LIBER
396 229 418 283 I.

317 421 373 487 VI.

10 546 71 611 rari
92 567 192 631 prope
215 568 266 612 res
289 549 339 611 cst
360 568 438 631 una,
460 545 604 631 Numici,

15 656 96 719 quac
118 635 222 718 possit
243 633 347 699 facere
369 639 402 699 ct
424 656 550 700 servare
572 636 710 701 beatum.

10 745 58 787 cm
82 722 246 788 cistellas
270 726 302 787 et
325 723 508 788 decedentia
530 724 626 788 certis

19 811 193 876 momentis
215 815 291 875 sunt
313 811 370 894 qui
390 811 560 876 formidine
583 811 673 876 nulla

10 902 142 984 secant:
164 898 243 983 quid
264 921 373 964 censes
394 921 528 964 munera
549 899 675 965 terrae?
883 916 900 967 ⁵

10 987 46 1053 ‚is
70 991 229 1052 extremos
252 985 377 1051 Arabas
400 987 533 1052 ditantis
556 992 589 1052 et
610 986 708 1053 Indos

22 1076 101 1160 quid
121 1075 253 1160 plausus
276 1079 309 1140 et
331 1075 426 1141 amici
449 1075 532 1140 dona
554 1074 711 1153 Quiritis?

10 1163 122 1229 ctanda
142 1162 252 1248 modo,
275 1184 338 1248 quo
362 1185 457 1228 sensu
480 1163 582 1229 credis
606 1169 638 1230 et
660 1164 750 1249 ore?]

10 1251 94 1316 this
116 1251 260 1336 adversa,
282 1251 348 1316 fere
370 1252 505 1316 miratur
528 1254 652 1337 eodem,

10 1362 80 1424 ens,
102 1343 211 1424 pact03
232 1361 333 1424 pavor
354 1344 404 1405 est
426 1340 597 1425 utrobique
619 1341 788 1426 molestus,
866 1358 899 1407 10

32 1427 129 1493 simul
150 1428 272 1512 species
295 1432 440 1493 externat
462 1431 642 1513 utrumque.
738 1474 740 1477 .

10 1538 50 1581 an
73 1515 191 1600 dolcat,
213 1516 323 1600 cupiat
343 1519 506 1581 metuatne
511 1517 621 1601 quid
642 1518 683 1581 ad
704 1539 787 1602 rem,

14 1605 70 1669 uid
91 1604 174 1669 vidit
194 1603 309 1669 melius
331 1604 462 1689 peiusve
485 1626 543 1668 sua
565 1626 634 1688 spe,

9 1692 90 1758 culis
112 1693 282 1776 animoque
305 1696 337 1756 et
360 1713 491 1776 corpore
513 1692 642 1794 torpet?

9 1781 100 1865 piens
122 1801 238 1845 nomen
260 1780 356 1864 ferat,
379 1801 498 1881 aequus
521 1780 638 1865 iniqui,
866 1798 899 1848 15

10 1869 156 1934 amsatis
178 1872 228 1934 est
249 1869 402 1933 virtutem
426 1868 454 1933 si
476 1869 596 1952 petat
588 1890 699 1952 rpsam

10 1961 169 2043 argentum
192 1961 225 2022 et
245 1978 386 2021 marmor
406 1961 500 2021 vetus
522 1978 657 2041 aeraque
680 1962 713 2022 et
735 1962 819 2023 artes

12 2067 85 2110 cum
107 2044 242 2130 gemmis
264 2044 379 2128 Tyrios
401 2045 518 2110 mirare
541 2044 676 2129 colores3

10 2134 62 2198 rod
83 2137 229 2218 spectant
251 2132 336 2198 ocuh'
357 2137 390 2197 ta
411 2132 501 2197 mille
522 2132 721 2219 loquentem;

10 2242 67 2286 ane
88 2221 195 2286 forum
218 2224 251 2286 et
272 2221 473 2306 vespertinus
494 2225 568 2306 pete
590 2225 725 2306 tectum,
865 2239 900 2288 20

10 2309 163 2374 frumenti
184 2309 346 2375 dotalibus
370 2313 487 2374 emetat
510 2310 596 2394 agris

30 2395 226 2485 (indignum,
249 2397 335 2482 quod
356 2398 400 2462 sit
422 2397 585 2481 peioribus
609 2396 714 2486 ortus)

10 2487 54 2552 sit
75 2487 184 2571 potius
207 2507 303 2571 quam
326 2490 362 2551 tu
383 2485 542 2550 mirabilis
563 2485 621 2550 illi.

27 2574 86 2640 sub
109 2578 240 2658 terrast,
262 2575 296 2638 in
319 2573 462 2659 apricum
484 2573 625 2658 proferet
647 2578 748 2660 actas3

14 2663 190 2747 condetque
212 2662 357 2727 nitentia.
399 2660 479 2727 Oum
501 2662 718 2727 benenatum
865 2678 900 2730 ac
982 2695 986 2714 2
1066 2726 1072 2755 11

11 2748 176 2836 Agrippae
198 2755 231 2815 et
251 2751 305 2815 ria
326 2754 358 2815 te
381 2750 584 2834 conspexerit
605 2749 706 2834 Appi,

10 2861 22 2904 1
44 2843 157 2923 restat,
178 2837 287 2905 Numa
310 2860 373 2923 quo
397 2839 524 2904 devenit
546 2843 579 2903 et
599 2837 719 2904 Ancus.

10 2931 66 2993 aut
86 2949 178 2993 renes
199 2927 312 2992 morbo
335 2930 536 3010 temptantur
558 2930 665 3010 acuto,

10 3036 98 3101 agam
119 3015 232 3081 morbi.
273 3013 333 3079 Vis
356 3018 441 3079 recte
463 3015 583 3080 rivere:
607 3015 680 3099 quis
701 3015 789 3080 non?

25 3103 87 3169 hoc
109 3126 174 3169 una
195 3106 303 3188 potest
325 3102 412 3187 dare,
434 3103 528 3167 fortis
551 3103 680 3168 omissis
865 3119 900 3169 30

17 3192 147 3258 deliciis.
187 3190 351 3257 Virtutem
373 3191 471 3255 verba
492 3195 587 3275 putas
611 3195 644 3256 et

11 3301 87 3366 gna:
110 3302 185 3345 cave
208 3302 248 3345 ne
270 3283 383 3363 portus
407 3283 540 3363 occupet
562 3279 656 3365 alter,

10 3369 110 3452 atico,
131 3391 172 3433 ne
194 3367 337 3451 Bithyna
359 3368 489 3452 negotia
511 3368 639 3454 perdas;

10 3461 75 3522 enta
96 3457 321 3540 rotundentur,
343 3455 478 3521 totidem
502 3456 614 3540 altera,
637 3479 733 3541 porro
756 3459 789 3521 et

10 3545 154 3629 caedant,
178 3549 211 3609 et
234 3566 314 3630 quae
336 3566 411 3628 pars
435 3544 569 3628 quadret
591 3566 748 3609 acervum.
865 3556 899 3607 35
