2370 4028
290 243 398 298 LIBER
415 243 449 298 11.
811 245 874 309 173

77 386 193 451 vitium
216 391 249 452 et
272 387 357 451 cavit
378 386 461 450 nihil
483 387 602 472 acrius,
623 391 674 474 ut,
697 389 726 454 si

72 497 92 539 s
113 474 257 558 locuples
279 496 344 540 uno
367 475 542 559 quadrante
564 476 713 560 perisset,

72 567 123 626 tur
145 563 208 627 sibi
230 564 377 647 nequior:
401 563 504 627 omnis
527 563 612 628 enim
635 587 700 649 res,

72 673 113 736 ia,
137 651 245 735 decus,
269 651 376 715 divina
397 650 599 734 humanaque
621 652 765 737 pulchris
909 669 942 720 95

72 742 146 824 rent5
170 761 249 823 quas
272 739 328 823 qui
352 740 578 824 construxerit,
601 740 656 805 ille

93 828 200 910 fortis,
223 828 336 891 iustus.
367 825 587 911 ‘Sapiensnel'
617 827 741 915 Etiam,
764 834 797 895 et
814 854 871 897 rex

72 915 89 978 l
111 915 205 980 volet.
246 914 331 999 Hoc,
353 915 454 980 veluti
475 916 595 981 virtute
617 922 780 1003 paratum,

72 1023 171 1088 agnae
193 1002 282 1067 laudi
304 1003 381 1068 fore.
422 1003 507 1080 Quid
529 1003 634 1069 simile
657 1006 714 1070 isti

72 1091 236 1175 istippus?
260 1092 315 1175 qui
338 1113 447 1156 servos
469 1092 612 1176 proicere
635 1115 748 1159 aurum
889 1109 941 1158 100

72 1180 148 1244 ussit
169 1179 286 1264 Libya,
310 1180 386 1263 quia
407 1180 530 1244 tardius
552 1181 637 1245 irent

72 1290 104 1332 rs
127 1289 249 1352 segnes.
290 1267 371 1332 Vter
393 1272 442 1331 est
463 1268 606 1333 insanior
627 1268 766 1334 horum?

72 1356 232 1440 emplum,
253 1355 344 1420 litem
367 1356 453 1440 quod
474 1356 532 1420 lite
554 1357 695 1423 resolvit.

72 1448 83 1508 t
105 1442 257 1529 citharas,
280 1448 403 1527 emptas
427 1448 594 1528 conportet
616 1446 650 1510 in
672 1468 786 1532 unum,

86 1532 226 1597 citharae
249 1554 308 1597 nec
329 1531 441 1597 Musae
464 1532 589 1597 deditus
611 1533 684 1618 ulli,

73 1624 102 1684 et
124 1620 243 1685 formas
265 1642 330 1684 non
353 1624 456 1703 sutor,
479 1621 608 1685 nautica
628 1622 702 1686 vela

73 1709 229 1772 arcaturis:
253 1707 372 1773 delirus
395 1712 427 1772 et
449 1730 558 1773 amens

73 1801 162 1861 catur
183 1796 307 1861 merito.
349 1794 412 1873 Qui
435 1796 594 1880 discrepat
616 1797 701 1881 istis,

73 1906 98 1949 >s
122 1906 298 1969 aurumque
320 1885 477 1969 recondit,
499 1885 625 1950 nescius
648 1886 698 1950 uti

73 1977 278 2057 metuensque
300 1972 390 2037 velut
412 1973 597 2057 contingere
619 1974 767 2038 sacrum?

73 2066 222 2146 agentem
245 2061 398 2125 frumenti
421 2083 547 2146 semper
569 2083 717 2127 acervum

73 2143 265 2234 igilet'cum
287 2149 385 2234 longo
408 2149 493 2214 fuste
516 2170 619 2234 neque
641 2150 732 2215 illinc

73 2239 154 2302 riens
178 2237 325 2301 dominus
349 2238 533 2322 contingere
556 2257 692 2323 granum

73 2326 151 2390 :bliis
174 2347 288 2409 parcus
310 2330 457 2390 vescatur
479 2327 610 2412 amaris;

73 2419 147 2478 ntus
171 2412 243 2478 Chii
265 2415 445 2497 veterisque
467 2413 595 2478 Falerni

97 2501 180 2565 nihil
203 2504 265 2586 est,
287 2505 465 2566 tercentum
487 2502 632 2586 milibus,
655 2524 727 2568 acre

73 2613 119 2674 m3
142 2611 214 2675 age,
237 2590 265 2654 si
289 2594 321 2654 et
344 2590 527 2654 stramentis
549 2591 680 2655 incubet
703 2591 796 2656 ulvae

73 2700 157 2742 nnos
180 2681 289 2761 natus,
312 2679 364 2742 cui
386 2677 530 2763 stragula
551 2679 666 2763 vestis,

74 2789 102 2831 rc
125 2767 283 2830 tinearum
306 2766 431 2850 epulae,
453 2770 618 2850 putrescat
639 2766 673 2830 in
697 2788 782 2832 arca:

74 2877 179 2920 [sanus
201 2855 311 2938 paucis
334 2855 493 2939 videatur,
516 2877 553 2920 eo
576 2854 663 2939 quod

74 2966 99 3006 rs
121 2942 289 3007 hominum
311 2944 424 3006 morbo
447 2944 584 3007 iactatur
607 2943 726 3007 eodem.

74 3032 163 3096 etiam
185 3031 264 3094 haec
285 3030 421 3095 libertus
444 3035 482 3094 ut
504 3031 613 3095 ebibat
633 3029 740 3116 heres,

94 3142 204 3203 senex,
228 3119 391 3183 custodis?
430 3117 482 3183 Ne
504 3118 566 3182 tibi
589 3118 693 3183 desit?

83 3208 168 3272 enim
191 3229 332 3271 summae
356 3207 496 3271 curtabit
519 3207 654 3291 quisque
678 3207 815 3292 dierum,

86 3296 191 3360 caules
215 3295 285 3359 oleo
308 3295 439 3359 meliore
462 3298 621 3378 caputque

74 3406 151 3467 pexa
172 3384 302 3447 foedum
325 3382 509 3467 porrigine?
551 3380 670 3466 Quare,

74 3473 148 3536 satis
172 3476 234 3555 est,
257 3472 415 3555 periuras,
438 3470 585 3555 surripis,
609 3471 714 3537 aufers

74 3560 144 3625 Tun
167 3560 285 3624 sanus?
325 3559 486 3644 Populum
508 3559 537 3624 si
560 3560 688 3624 caedere
711 3560 797 3624 saxis
