2370 4028
143 215 205 279 111
532 212 756 268 sarvnmvn
1070 211 1105 284 [n

88 374 121 423 55
140 356 188 421 Vt
209 379 304 441 rupes
326 357 505 441 fluviosque
528 356 562 421 in
585 377 696 440 campo
720 356 848 421 obstare
872 360 1030 442 quorabrr3

141 444 289 510 Alterum
312 449 345 510 et
366 444 443 510 huic
464 466 576 509 varum
599 448 632 509 et
653 443 756 509 nihilo
779 444 958 528 sapientius
980 446 1055 530 ignes

139 533 203 598 Per
224 532 347 598 medios
369 533 548 617 fluviosque
570 532 707 598 ruentis:
730 531 847 597 clamet
869 532 970 598 amice

140 620 257 704 Mater,
279 620 415 686 honesta
437 641 528 686 soror
550 642 623 685 cum
646 619 805 705 cognatis,
827 624 933 705 pater,
955 642 1037 686 uxor:

141 708 216 774 ‘Hic
238 709 325 774 fossa
347 712 397 774 est
418 709 546 793 ingens,
567 707 621 773 hic
643 729 739 791 rupes
760 708 915 773 maxima:
938 708 1043 774 serrai'

89 814 122 862 60
139 797 216 862 Non
237 797 341 881 magis
364 796 512 879 audierit,
536 817 632 880 quam
653 794 765 860 Fufius
789 796 898 861 ebrius
921 797 1007 882 olim,

142 884 222 949 Cum
244 883 381 949 Ilionam
404 885 555 968 edormit,
578 883 718 949 Catienis
740 883 830 949 mille
854 885 996 950 ducentis

141 972 268 1058 ‘Mater,
291 977 324 1038 te
347 973 485 1056 appello'
508 972 728 1037 clamantibus.
768 970 855 1037 Huic
878 993 938 1058 ego
961 972 1054 1058 volgus

139 1061 252 1125 Errori
276 1060 413 1125 similem
436 1065 585 1126 cunctum
608 1059 747 1125 insanire
770 1060 900 1125 docebo.

140 1146 264 1214 Insanit
286 1153 410 1214 veteres
433 1153 556 1213 statuas
577 1147 792 1233 Damasippus
815 1147 963 1214 emendo:

88 1254 122 1302 os
140 1235 270 1322 Integer
292 1241 342 1302 est
363 1237 481 1302 mentis
503 1236 691 1320 Damasippi
714 1235 874 1300 creditor?
914 1235 1000 1302 Esto.

141 1324 271 1410 ‘Accipe
294 1325 381 1409 quod
402 1347 577 1408 numquam
599 1324 712 1388 reddas
734 1322 827 1388 mihi'
850 1323 879 1389 si
902 1325 964 1390 tibi
984 1324 1072 1389 dicam

140 1413 230 1478 Tune
254 1413 384 1478 insanus
408 1413 484 1497 eris,
507 1413 535 1477 si
559 1412 730 1496 acceperis,
752 1432 793 1476 an
815 1411 922 1497 magis
944 1433 1042 1478 excors

140 1500 272 1566 Reiecta
293 1501 423 1585 praeda,
446 1522 542 1584 quam
564 1521 712 1584 praesens
735 1499 916 1566 Mercurius
937 1500 1016 1566 fert?

142 1587 252 1654 Scribe
275 1589 382 1653 decem
406 1611 425 1654 a
445 1586 560 1654 Nerio:
582 1610 647 1652 non
669 1591 720 1653 est
741 1587 834 1673 satis3
857 1588 939 1654 adde
961 1587 1066 1654 Cicutae

88 1678 122 1743 ’το
140 1676 265 1742 Nodosi
287 1677 428 1761 tabulas,
451 1681 591 1759 centum,
613 1675 702 1741 mille
725 1674 804 1741 adde
827 1680 969 1762 catenas5

140 1763 286 1848 Effugiet
308 1769 415 1829 tamen
437 1763 517 1828 haec
539 1763 710 1828 sceleratus
733 1763 861 1828 vincula
882 1763 1023 1830 Proteus.

142 1851 222 1916 Cum
244 1853 349 1936 rapies
372 1853 406 1916 in
428 1853 478 1916 ius
502 1852 595 1916 malis
618 1851 775 1917 ridentem
798 1852 926 1937 alienis,

139 1940 212 2006 Fiet
226 1962 314 2025 aper,
333 1941 428 2005 modo
443 1940 523 2024 avis,
541 1939 637 2004 modo
651 1961 762 2004 saxum
777 1942 823 2023 et,
839 1961 914 2005 oum
927 1940 1021 2023 volet,
1034 1935 1101 2002 arbor·

142 2027 177 2094 Si
199 2029 281 2094 male
304 2052 371 2094 rem
395 2050 503 2114 gerere
526 2027 675 2112 insaniat,
699 2032 809 2092 contra
830 2027 914 2093 bene
936 2029 1015 2092 sani:

89 2133 121 2181 75
140 2117 289 2181 Putidius
311 2116 414 2181 multo
438 2117 646 2200 cerebrumst,
668 2115 748 2179 mihi
772 2115 877 2199 crede,
899 2115 1013 2181 Perelii

140 2204 315 2288 Dictantis,
339 2205 424 2288 quod
446 2209 483 2269 tu
505 2225 680 2287 numquam
702 2203 876 2269 rescribere
898 2204 1010 2287 possis.

140 2291 262 2356 Audire
285 2295 381 2375 atque
404 2296 513 2377 togam
536 2291 630 2356 iubeo
653 2312 844 2375 conponere,
868 2291 1012 2376 quisquis

139 2379 326 2444 Ambitione
349 2378 433 2442 mala
455 2384 511 2443 aut
534 2380 657 2463 argenti
680 2378 780 2463 pallet
801 2401 925 2464 amore,

141 2467 294 2550 Quisquis
316 2466 445 2531 luxuria
466 2467 591 2532 tristive
615 2467 842 2550 superstitione

88 2571 122 2620 so
140 2554 208 2619 Aut
231 2555 293 2619 alio
316 2556 433 2620 mentis
456 2554 568 2620 morbo
592 2554 686 2639 calet,
709 2554 772 2618 huc
793 2554 928 2639 propius
949 2577 1012 2638 me,

140 2642 226 2706 Dum
250 2643 346 2708 doceo
371 2643 510 2707 insanire
533 2663 656 2726 omnes,
677 2664 736 2707 vos
759 2643 869 2707 ordine
893 2643 986 2708 adite.

139 2730 286 2796 Dandast
308 2731 439 2796 ellebori
462 2730 564 2795 multo
588 2753 662 2814 pars
684 2731 824 2794 maxima
846 2731 966 2814 avaris,

139 2817 208 2883 Neo
231 2819 296 2883 scio
320 2841 361 2883 an
383 2818 572 2901 Anticyram
595 2819 677 2882 ratio
701 2818 766 2882 illis
790 2818 930 2883 destinet
952 2835 1070 2883 omnem

139 2905 280 2971 Heredes
304 2906 429 2972 Staberi
453 2928 610 2970 summam
632 2906 771 2971 incidere
794 2906 954 2991 sepulcro,

87 3011 120 3059 85
138 2993 184 3059 Ni
206 2993 254 3059 sic
275 2994 439 3078 fecissent,
462 2994 676 3078 gladiatorum
699 2994 773 3059 dare
796 2998 925 3060 centum

139 3081 292 3145 Damnati
314 3082 433 3166 populo
457 3081 546 3165 paria
569 3085 665 3164 atque
688 3082 818 3166 epulum
841 3082 975 3147 arbitrio
996 3072 1098 3144 Arn'ti

138 3168 307 3234 Frumenti
329 3175 484 3254 quantum
507 3169 601 3234 metit
623 3168 741 3234 Africa.
783 3169 870 3235 ‘Sive
893 3191 953 3255 ego
975 3186 1060 3254 prave

141 3256 204 3322 Seu
226 3261 312 3322 recte
335 3258 396 3322 hoc
418 3257 520 3340 volui,
542 3279 582 3322 ne
605 3257 650 3321 sis
673 3262 806 3340 patruus
828 3257 932 3322 mihi?
972 3255 1072 3333 Credo,

139 3344 210 3409 Hoc
234 3344 359 3409 Staberi
381 3346 570 3429 prudentem
593 3345 735 3410 animum
757 3345 901 3411 †vidisse.
944 3343 1025 3422 Quid
1043 3352 1100 3420 erss⁰

87 3449 120 3498 90
141 3431 261 3516 Sensit,
283 3455 356 3499 oum
379 3455 537 3497 summam
560 3433 733 3516 patrimoni
756 3433 936 3518 insculpere
959 3453 1031 3497 saxo

138 3520 281 3587 Heredes
303 3520 427 3586 voluit?
469 3520 580 3596 Quoad
602 3521 696 3605 vixit,
719 3522 854 3587 credidit
876 3523 990 3607 ingens
