2370 4028
156 217 220 282 246
528 215 785 272 uruvvnnnvu
1092 216 1134 289 [ιι

155 360 206 425 Νι
220 360 332 424 dicam
356 358 467 444 stulte,
489 358 610 443 mirati,
633 360 662 423 si
683 360 779 424 modo
802 380 862 446 ego
886 364 919 424 et
940 381 1000 424 vos

158 447 282 513 Scimus
305 447 497 512 inurbanum
519 447 624 532 lepido
647 469 799 531 seponere
823 448 908 512 dicto

155 537 414 622 Legitimumque
437 557 551 601 sonum
573 535 684 621 digitis
707 535 859 601 callemus
881 541 915 602 et
937 558 1022 602 aure.

87 641 137 689 avo
156 623 307 710 Ignotum
329 625 470 708 tragicae
487 645 605 726 ..genus
616 624 775 689 invenisse
797 622 953 690 Camenae

156 712 283 777 Dicitur
306 716 338 777 et
359 712 493 796 plaust'
467 734 512 776 ms
534 711 659 777 vexisse
681 717 829 796 poemata
851 711 988 797 Thespis

158 799 220 876 Qui
242 803 391 865 canerent
413 804 606 885 agerentque
627 801 774 883 peruncti
795 800 938 865 faecibus
962 823 1025 866 ora

157 888 236 953 Post
258 888 344 952 hunc
365 909 519 972 personae
540 887 707 972 pallaeque
729 892 874 972 repertor
896 883 1047 954 honestae

156 976 335 1059 Aeschylus
359 980 391 1040 et
413 976 547 1040 modicis
569 976 719 1040 instravit
740 976 867 1060 pulpita
888 977 990 1061 tignis

88 1064 202 1129 asoEt
225 1065 333 1128 docuit
354 1085 569 1149 magnumque
590 1063 680 1148 loqui
702 1064 902 1148 nitiquecot
849 1064 1014 1130 cothurno.

159 1151 319 1217 Successit
340 1156 432 1216 vetus
453 1150 506 1216 his
529 1152 703 1237 comoedia,
725 1174 790 1217 non
813 1153 882 1216 sine
905 1152 1009 1217 multa

156 1240 277 1325 Laude,
300 1240 355 1303 sed
378 1240 412 1303 in
434 1240 549 1304 vitium
571 1240 703 1304 libertas
726 1240 845 1305 excidit
866 1244 900 1305 et
921 1241 989 1305 vim

156 1329 297 1413 Dignam
319 1328 390 1412 lege
412 1328 493 1413 regi:
516 1327 569 1391 lex
591 1331 640 1393 est
662 1331 791 1412 accepta
813 1327 992 1413 chorusque

157 1416 307 1500 Turpiter
330 1416 465 1480 obticuit
487 1416 612 1480 sublato
635 1416 704 1481 iure
726 1415 868 1480 nocendi.

88 1519 138 1569 ιιι
156 1503 215 1568 Nil
236 1504 461 1587 intemptatum
483 1505 586 1569 nostri
606 1504 728 1588 liquere
750 1508 875 1590 poetae,

156 1592 225 1657 Nec
247 1591 415 1656 minimum
437 1614 580 1656 meruere
602 1592 696 1657 decus
719 1591 856 1677 vestigia
879 1590 1001 1658 Graeca

156 1678 238 1744 Ausi
262 1679 404 1744 deserere
426 1685 459 1745 et
481 1680 638 1745 celebrare
661 1680 794 1745 domest
770 1683 834 1744 tica
855 1680 954 1765 facta,

157 1766 219 1833 Vel
242 1768 294 1852 qui
318 1772 499 1852 praetextas
449 1768 573 1833 tasvel
595 1769 650 1852 qui
673 1768 806 1833 docuere
828 1772 964 1870 togatas.

156 1856 225 1921 Nec
247 1857 365 1921 virtute
387 1856 471 1920 foret
493 1855 625 1921 clarisve
646 1857 768 1940 potent
759 1879 809 1921 rus
832 1857 931 1920 armis

88 1960 140 2009 290
159 1944 260 2021 Quam
282 1944 393 2029 lingua
414 1943 555 2028 Latium,
578 1944 606 2009 si
627 1966 693 2009 non
716 1944 890 2009 offenderet
912 1966 1012 2008 unum

158 2032 321 2116 Quemque
343 2036 418 2117 poet
420 2055 509 2096 arum
530 2033 625 2097 limae
647 2032 739 2097 labor
761 2037 794 2097 ιι
814 2053 913 2096 mora.
954 2031 1072 2116 Vos,o

156 2120 335 2204 Pompilius
358 2121 500 2206 sanguis,
523 2142 648 2185 carmen
670 2120 904 2205 reprehendite,
928 2120 1013 2204 quod
1033 2141 1090 2184 non

156 2209 260 2273 Multa
282 2209 349 2274 dies
372 2213 405 2274 et
426 2209 528 2272 multa
549 2209 648 2273 litura
669 2208 832 2273 cohercuit
854 2212 951 2293 atque

156 2296 359 2361 Praesectum
383 2297 485 2361 decies
507 2319 572 2360 non
595 2296 763 2382 castigavit
785 2297 825 2360 ad
846 2317 995 2381 unguem.

88 2401 138 2450 ιιι
157 2383 326 2469 Ingenium
348 2385 464 2449 misera
487 2385 562 2468 quia
582 2385 777 2450 fortunatius
799 2388 867 2449 arte

159 2472 267 2537 Credit
290 2476 322 2537 et
345 2471 485 2537 excludit
507 2494 601 2537 sanos
622 2471 777 2538 Helicone
798 2476 910 2557 poetas

156 2560 372 2644 Democritus,
394 2561 479 2625 bona
499 2583 573 2645 pars
595 2583 660 2626 non
682 2581 805 2646 ungues
827 2583 945 2644 ponere
969 2562 1064 2642 curat,

42 2659 44 2663 '
156 2647 231 2714 Non
252 2649 397 2733 barbam,
420 2653 541 2714 secreta
562 2649 644 2733 petit
664 2648 749 2733 loca,
771 2648 885 2713 balnea
905 2648 996 2714 vitat.

156 2735 366 2802 Nanoiscetur
389 2738 473 2801 enim
495 2738 634 2820 pretium
656 2759 833 2820 nomenque
855 2740 983 2821 poetae,

89 2841 140 2889 300
159 2823 194 2889 Si
216 2825 319 2890 tribus
341 2825 505 2909 Anticyris
529 2829 624 2909 caput
646 2824 820 2890 insanabile
842 2845 1018 2909 numquam

158 2911 294 2977 Tonsori
314 2913 426 2978 Licino
450 2913 641 2979 commiserit.
682 2911 710 2978 0
732 2933 792 2998 ego
813 2912 938 2996 laevus,

158 2999 221 3076 Qui
242 3022 362 3086 purgor
383 3001 481 3066 bilem
504 3001 563 3067 sub
585 3001 676 3067 verni
698 3001 850 3084 temporis
872 2999 999 3065 horam!

156 3088 232 3154 Non
255 3088 336 3152 alius
358 3089 476 3154 faceret
497 3090 630 3154 meliora
650 3092 810 3240 poemata:
832 3110 944 3154 verum

156 3174 250 3241 Nilt
236 3178 358 3242 ιιιιίιι
396 3176 485 3263 Ergo
507 3178 624 3262 fungar
645 3177 714 3242 vice
737 3177 831 3260 cotis,
853 3179 983 3242 acutum

89 3280 139 3329 305
157 3248 300 3330 Reddere
323 3287 403 3349 quae
425 3266 545 3330 ferrum
567 3264 652 3330 valet
637 3268 783 3329 etxsors
805 3264 876 3348 ipsa
897 3264 1039 3349 secandi3

157 3352 275 3416 Munus
298 3356 330 3417 et
352 3353 506 3438 officium,
528 3353 576 3418 nil
598 3353 771 3418 scribens
762 3374 844 3437 lpse,
867 3352 1000 3418 docebo:

157 3438 250 3504 Vnde
272 3446 424 3524 parentur
446 3464 535 3527 opes,
559 3431 635 3527 quid
658 3441 722 3507 alat
743 3441 861 3506 formet
846 3444 923 3525 tque
945 3445 1083 3525 poetam,

157 3527 242 3604 Quid
264 3527 385 3614 deceat,
408 3530 485 3613 quid
507 3553 585 3615 non,
608 3552 671 3615 quo
694 3530 811 3613 virtus,
833 3550 897 3613 quo
919 3528 1003 3594 ferat
989 3532 1111 3594 terror
