2370 4028
345 205 453 260 LIBER
470 206 530 261 1111.

89 352 208 416 Vixere
230 351 330 416 fortes
353 352 427 414 ante
449 347 692 433 Agamemnona

89 440 200 525 Multi3
223 439 279 503 sed
302 459 411 503 omnes
434 434 681 501 inlacrimabiles

135 527 323 612 Vrguentur
344 524 511 610 ignotique
532 523 632 607 longa

178 614 295 698 Nocte,
318 615 427 678 carent
450 612 525 696 quia
547 615 620 675 vate
642 632 741 676 saoro.

90 782 228 847 Paulum
251 780 394 865 sepultae
418 779 516 844 distat
538 779 671 843 inertiae

92 869 202 935 Celata
224 869 335 934 virtus.
376 866 452 933 Non
475 888 535 952 ego
558 870 590 931 te
612 867 693 932 meis

137 957 264 1022 Chartis
286 957 469 1021 inornatum
492 954 608 1038 silebo,

180 1045 281 1111 Totve
304 1048 378 1109 tuos
400 1043 506 1128 patiar
526 1042 652 1108 labores

93 1212 230 1297 Inpune,
251 1211 349 1295 Lolli,
373 1232 499 1294 carpere
521 1209 637 1274 lividas

95 1299 288 1366 Obliviones.
328 1299 390 1363 llst
413 1299 538 1362 animus
560 1298 622 1362 tibi

137 1389 328 1472 Rerumque
342 1387 481 1472 prudens
505 1390 537 1451 et
559 1386 706 1451 secundis

182 1475 393 1559 Temporibus
417 1474 585 1558 dubiisque
606 1478 726 1557 reatus,

94 1643 222 1708 Vindex
245 1664 356 1707 avarae
378 1641 501 1707 fraudis
524 1645 556 1705 et
579 1640 741 1706 abstinens

94 1731 249 1796 Ducentis
272 1731 312 1794 ad
334 1752 369 1795 se
393 1732 507 1794 cuneta
528 1728 693 1814 pecuniae,

141 1818 322 1902 consulque
344 1840 410 1882 nou
432 1817 527 1882 unius
550 1817 638 1901 anni,

184 1906 247 1972 Sed
269 1907 416 1990 quotiens
439 1906 542 1970 bonus
565 1908 660 1988 atque
682 1904 766 1970 fidus

94 2073 195 2139 Iudex
216 2073 387 2138 honestum
409 2071 562 2156 praetulit
584 2071 671 2156 utili,

94 2162 219 2227 Reiecit
241 2161 305 2226 alto
330 2161 413 2225 dona
434 2160 617 2225 nocentium

140 2249 254 2334 Voltu,
276 2271 333 2333 per
355 2249 520 2313 obstantes
543 2251 685 2312 catervas

183 2337 349 2422 Expliouit
371 2358 430 2401 sua
450 2337 554 2400 vietor
576 2358 671 2399 arma.

94 2504 170 2570 Non
192 2504 409 2589 possidentem
431 2503 534 2568 multa
555 2503 718 2569 vocaveris

95 2593 195 2658 Reate
217 2592 360 2677 beatum3
382 2592 502 2657 rectius
525 2595 659 2675 oeoupat

139 2680 267 2746 Nomen
290 2681 390 2765 beati,
413 2681 469 2764 qui
492 2680 623 2744 deorum

182 2769 370 2834 Muneribus
393 2769 554 2851 sapienter
575 2767 623 2832 ut'

94 2936 280 3020 Duramque
305 2936 400 3001 callet
421 2935 606 3020 pauperiem
627 2933 696 3018 pati

94 3023 253 3108 Peiusque
275 3024 341 3090 leto
363 3025 523 3110 flagitium
545 3023 651 3107 timet,

139 3111 215 3177 Non
237 3112 291 3177 ille
314 3134 373 3197 pro
397 3112 478 3177 earis
501 3111 611 3175 amieis

184 3199 252 3265 Aut
273 3201 379 3285 patria
400 3200 532 3265 timidus
554 3198 666 3283 perire.

360 3430 517 3440 —.-.-.—--

875 204 938 269 103
976 175 978 182 ’

904 364 938 412 25
