2370 4028
43 246 80 303 11.
95 245 221 319 nunu]
407 245 516 300 urana
532 247 567 302 11.

92 390 227 455 Limites
251 389 416 454 clientium
959 407 993 456 25

138 478 221 543 Salis
245 477 381 542 avarus?
420 479 558 544 Pellitur
579 484 730 565 paternos

92 565 132 631 In
155 568 228 631 sinu
250 567 356 631 ferens
379 566 455 632 deos

136 655 182 719 ut
203 677 285 720 uxor
308 659 341 718 et
363 655 413 719 vir
435 656 644 742 sordidosque
667 661 770 722 naboe.

91 803 193 870 Nulla
216 805 332 869 certior
354 809 463 871 tamen

137 893 275 977 Rapacis
299 895 366 958 oroi
387 894 451 958 fine
474 894 634 959 destinata
959 910 993 958 30

92 980 178 1046 Aula
201 982 333 1046 divitem
356 986 464 1047 manet
933 1008 938 1017 ·

136 1070 247 1134 Erum.
290 1068 375 1146 Quid
397 1069 482 1135 ultra
504 1070 631 1136 tendis?
672 1069 786 1156 Aequa
807 1070 904 1135 tellus
981 1108 983 1113 ·

115 1220 255 1304 Pauperi
277 1219 453 1284 recluditur

159 1309 350 1392 Regumque
372 1309 494 1392 pueris,
515 1330 575 1374 neo
597 1307 726 1374 satelles
750 1306 825 1374 Oroi

117 1395 276 1462 Callidum
298 1396 492 1461 Promethea
958 1411 993 1460 35

159 1485 297 1550 Revexit
319 1506 397 1549 euro
421 1488 541 1570 captus.
581 1484 645 1549 Hic
668 1485 841 1570 superbum

117 1634 289 1699 Tantalum
313 1638 409 1719 atque
431 1633 558 1699 Tantali

161 1721 270 1788 Genus
293 1723 453 1803 cohercet,
475 1723 529 1788 hic
551 1723 655 1788 levare
678 1722 825 1786 functum

116 1811 294 1895 Pauperem
316 1810 481 1876 laboribus

160 1898 303 1965 Vocatus
326 1904 423 1984 atque
445 1921 509 1964 non
532 1903 664 1964 vocatus
687 1899 785 1963 audit.
956 1915 991 1962 40

421 2347 558 2414 XVIIII.

140 2471 303 2538 Bacchum
326 2471 359 2535 in
382 2472 514 2536 remotis
538 2471 678 2536 carmina
700 2471 835 2556 rupibus

143 2561 221 2626 Vidi
244 2560 422 2644 docentem,
445 2560 577 2644 credite,
599 2560 734 2644 posteri,

186 2648 419 2732 Nymphasque
443 2649 599 2713 discentes
624 2652 656 2712 et
679 2670 770 2712 aures

232 2736 444 2821 Capripedum
468 2735 657 2820 Satyrorum
680 2741 798 2801 acutae.

140 2887 268 2971 Euhoe,
290 2887 411 2951 recenti
433 2909 523 2952 mens
545 2888 686 2973 trepidat
707 2890 808 2971 metu,
974 2905 989 2954 5

141 2975 305 3060 Plenoque
328 2974 446 3039 Bacchi
468 2979 596 3059 pectore
618 2975 782 3040 turbidum

184 3062 344 3128 Laetatur.
384 3062 511 3148 Euhoe,
533 3087 628 3149 parce
649 3063 759 3148 Liber,

229 3151 342 3235 Parce,
365 3152 455 3237 gravi
477 3153 645 3218 metuende
668 3151 789 3236 thyrso.

138 3302 202 3366 Fas
225 3302 405 3386 pervicaces
429 3306 478 3367 est
500 3302 581 3367 mihi
603 3301 763 3385 Thyiadas

140 3390 282 3476 Vinique
303 3391 426 3456 fontem
448 3390 541 3455 lactis
564 3394 597 3455 et
619 3391 733 3456 uberes
956 3409 989 3459 10

185 3478 321 3545 Cantare
343 3479 430 3545 rivos
453 3483 549 3562 atque
571 3480 692 3545 truncis

227 3568 333 3653 Lapsa
356 3568 441 3632 cavis
465 3568 580 3633 iterare
603 3568 710 3655 mella3

793 3671 829 3722 4*
