2370 4028
86 188 129 253 28
495 182 691 239 cneuurvu
812 180 1041 254 [xxxu-xrx

249 327 276 393 Ο
300 329 395 394 decus
417 326 540 392 Phoebi
563 331 596 391 et
619 325 753 411 dapibus
775 327 932 410 supremi

250 416 348 484 Grata
370 415 498 481 testudo
520 412 621 499 Iovis,
644 437 663 480 o
685 414 837 478 laborum

90 523 122 573 15
249 505 351 570 Dulce
374 505 513 569 lenimen
535 503 770 587 medicumque,
792 502 887 568 salve

291 593 368 659 Rite
390 592 531 659 vocanti}

513 840 672 850 ———

523 1037 673 1104 XXXIII.

223 1160 315 1244 Albi,
337 1184 377 1226 ne
401 1163 508 1227 doleas
531 1162 604 1246 plus
627 1162 726 1226 nimio
748 1183 875 1226 memor

225 1248 353 1315 Inmitis
378 1247 529 1332 Glycerae
552 1270 614 1313 neu
636 1248 834 1312 miserabiles

224 1336 381 1402 Decantes
405 1337 526 1422 elegos,
550 1357 606 1400 cur
627 1336 689 1398 tibi
711 1335 818 1400 iunior

267 1425 369 1490 Laesa
390 1425 567 1509 praeniteat
589 1423 660 1487 fide.

227 1572 390 1660 Insignem
412 1574 502 1638 tenui
524 1573 630 1639 fronte
651 1571 810 1656 Lycorida

228 1660 303 1746 Cyri
325 1665 426 1726 torret
449 1684 551 1747 amor,
574 1660 676 1746 Cyrus
698 1661 734 1725 in
755 1682 902 1743 asperam

224 1749 373 1815 Declinat
394 1749 551 1815 Pholoen:
575 1750 631 1814 sed
652 1749 742 1834 prius
764 1746 882 1832 Apulis

268 1837 447 1923 Iungentur
469 1860 599 1922 capreae
621 1837 720 1922 lupis,

226 1985 329 2064 Quam
351 1987 439 2071 turpi
461 1985 583 2052 Pholoe
604 1989 713 2071 peccet
736 1985 890 2051 adultero.

227 2072 280 2140 Sic
302 2075 407 2139 visum
430 2074 562 2159 Veneri,
585 2075 636 2140 cui
658 2075 763 2158 placet
785 2075 913 2158 inpares

225 2161 359 2228 Formas
382 2167 477 2246 atque
500 2163 623 2227 animos
646 2163 705 2226 sub
728 2163 805 2247 iuga
827 2162 951 2229 ahenea

271 2248 371 2316 Saevo
394 2251 522 2316 mittere
545 2273 618 2315 cum
640 2251 718 2315 ioco.

226 2397 336 2484 Ipsum
359 2422 410 2464 me
433 2400 547 2465 melior
569 2422 642 2464 cum
664 2403 787 2484 peteret
808 2399 935 2487 Venus,

229 2487 327 2553 Grata
349 2488 486 2553 detinuit
508 2487 659 2572 compede
681 2486 819 2572 Myrtale

226 2576 403 2657 Libertina,
425 2576 517 2641 fretis
540 2576 643 2641 acrior
664 2574 803 2642 Hadriae

272 2662 441 2729 (lurvantis
464 2663 616 2730 Calabros
639 2664 737 2729 sinus.

517 2912 676 2922 ——-.

518 3102 684 3169 XXXIIIL

254 3224 374 3290 Parcus
397 3227 528 3292 deorum
552 3226 656 3291 cultor
683 3230 716 3291 et
737 3226 937 3315 infrequens,

254 3311 448 3380 Insanientis
471 3315 546 3380 dum
569 3315 743 3400 sapientiae

301 3399 472 3467 consultus
496 3424 580 3487 erro,
603 3425 688 3467 nunc
710 3406 885 3468 retrorsum

344 3487 426 3554 Vela
448 3489 522 3554 dare
546 3495 641 3574 atque
663 3491 779 3556 iterare
802 3513 914 3557 cursus
