2370 4028
53 247 184 320 [nnn]
424 248 583 305 nmuen.

108 391 203 457 Miles
227 392 362 477 sagittas
386 397 419 457 et
441 393 575 458 celerem
597 393 708 478 fugam

107 481 234 564 Parthi,
259 484 386 545 catenas
408 480 547 545 Parthus
571 485 603 546 et
624 481 742 546 Italum

151 569 277 654 Robu13
300 569 357 633 sed
379 569 543 653 inprovisa
563 569 621 634 leti

196 656 256 721 Vis
279 657 388 740 rapuit
409 658 574 742 rapietque
597 662 717 742 gentes.
971 671 1005 719 20

109 806 212 883 Quam
234 830 334 890 paene
356 807 468 871 furvae
491 828 591 892 regna
612 806 823 890 Proserpinae

106 895 152 958 Et
174 895 369 960 iudicantem
391 895 531 959 vidimus
552 893 695 960 Aeacum

153 981 312 1067 Sedesque
337 983 490 1047 discretas
513 983 640 1067 piorum
664 987 696 1047 et

197 1070 319 1135 Aeoliis
341 1071 460 1135 fidibus
484 1075 669 1154 querentem

109 1219 238 1304 Sappho
261 1219 378 1303 puellis
401 1220 440 1284 de
462 1220 671 1304 popularibus

107 1308 152 1372 Et
174 1313 206 1372 te
230 1312 396 1372 sonantem
418 1308 544 1392 plenius
567 1331 677 1393 aureo,

151 1395 282 1479 Aloaee,
303 1396 426 1479 plectro
450 1398 529 1461 dura
550 1398 655 1480 narie,

196 1483 286 1548 Dura
307 1483 402 1568 fugae
425 1485 523 1569 mala,
546 1484 625 1549 dura
646 1484 731 1549 belli.

107 1633 289 1717 Vtrumque
313 1656 402 1698 sacro
426 1634 524 1718 digna
545 1633 673 1698 silentio

107 1721 267 1786 Mirantur
288 1722 420 1786 umbrae
444 1723 560 1807 dicere3
583 1723 639 1787 sed
660 1721 763 1807 magis

151 1810 281 1895 Pugnas
304 1815 337 1875 et
360 1815 489 1875 exactos
512 1814 666 1893 tyrannos

195 1898 339 1963 Densum
362 1899 482 1963 umeris
505 1899 588 1963 bibit
611 1921 686 1963 aure
709 1897 832 1982 volgus.

109 2046 193 2123 Quid
214 2047 345 2131 mirum,
368 2048 424 2112 ubi
447 2048 512 2111 illis
536 2048 731 2112 carminibus
753 2051 885 2130 stupens

107 2135 244 2199 Demitti
282 2140 367 2200 atras
389 2135 484 2200 belua
507 2136 665 2219 centiceps

151 2221 270 2307 Aures,
293 2227 325 2287 et
348 2224 461 2288 intorti
484 2224 607 2307 capillis

196 2310 411 2376 Eumenidum
434 2317 618 2376 recreantur
640 2311 781 2397 angues?

108 2458 193 2536 Quin
215 2465 247 2525 et
269 2460 480 2526 Prometheus
504 2465 536 2526 et
557 2460 687 2545 Pelopis
709 2482 824 2544 parens

106 2548 203 2612 Dulci
225 2549 367 2612 laborem
392 2549 549 2633 decipitur
572 2570 664 2633 sono,

151 2635 221 2700 Nec
245 2640 334 2700 curat
357 2635 457 2702 Orion
479 2638 588 2702 leones

195 2722 263 2788 Aut
284 2725 416 2789 timidos
440 2727 561 2810 agitare
583 2725 703 2808 lyncas.

419 2973 578 2982 ———...-

451 3172 556 3238 XIIII.

139 3250 153 3298 J
175 3295 268 3362 Eheu
292 3297 435 3382 fugaces,
457 3297 624 3381 Postume,
646 3296 812 3381 Postume,

174 3384 344 3450 Labuntur
366 3386 454 3469 anni,
477 3407 536 3450 nec
558 3386 661 3469 pietas
684 3408 807 3450 moram

220 3473 323 3558 Rugis
347 3478 379 3539 et
402 3474 536 3538 instanti
559 3478 703 3539 senectae

264 3562 398 3626 Adferet
420 3561 656 3647 indomitaeque
678 3562 789 3646 morti3
