<?xml version="1.0" encoding="UTF-8"?>
<!DOCTYPE html PUBLIC "-//W3C//DTD XHTML 1.0 Transitional//EN"
    "http://www.w3.org/TR/xhtml1/DTD/xhtml1-transitional.dtd">
<html xmlns="http://www.w3.org/1999/xhtml" xml:lang="en" lang="en">
 <head>
  <title>
</title>
<meta http-equiv="Content-Type" content="text/html;charset=utf-8" />
  <meta name='ocr-system' content='tesseract 3.04.00' />
  <meta name='ocr-capabilities' content='ocr_page ocr_carea ocr_par ocr_line ocrx_word'/>
</head>
<body>
  <div class='ocr_page' id='page_1' title='image "./qhoratiusflacci01horagoog_0031.png"; bbox 0 0 2370 4028; ppageno 0'>
   <div class='ocr_carea' id='block_1_1' title="bbox 132 181 780 251">
    <p class='ocr_par' dir='ltr' id='par_1_1' title="bbox 132 181 780 251">
     <span class='ocr_line' id='line_1_1' title="bbox 132 181 780 251; baseline 0.003 -15"><span class='ocrx_word' id='word_1_1' title='bbox 132 181 224 237; x_wconf 85' lang='lat' dir='ltr'>XXVI</span> <span class='ocrx_word' id='word_1_2' title='bbox 498 182 780 251; x_wconf 80' lang='lat' dir='ltr'><strong>PROLEGOMENA.</strong></span> 
     </span>
    </p>
   </div>
   <div class='ocr_carea' id='block_1_2' title="bbox 125 327 1145 3556">
    <p class='ocr_par' dir='ltr' id='par_1_2' title="bbox 132 327 1145 498">
     <span class='ocr_line' id='line_1_2' title="bbox 220 327 1145 409; baseline 0 -19"><span class='ocrx_word' id='word_1_3' title='bbox 220 332 275 408; x_wconf 75' lang='grc' dir='ltr'>ΠΙ,</span> <span class='ocrx_word' id='word_1_4' title='bbox 290 334 341 407; x_wconf 82' lang='lat'>29,</span> <span class='ocrx_word' id='word_1_5' title='bbox 355 333 406 391; x_wconf 92' lang='grc'>46.</span> <span class='ocrx_word' id='word_1_6' title='bbox 439 333 547 406; x_wconf 76' lang='lat' dir='ltr'>efficies</span> <span class='ocrx_word' id='word_1_7' title='bbox 572 332 681 405; x_wconf 84' lang='lat' dir='ltr'>Perlc.;</span> <span class='ocrx_word' id='word_1_8' title='bbox 710 334 815 406; x_wconf 72' lang='lat' dir='ltr'>efficiet</span> <span class='ocrx_word' id='word_1_9' title='bbox 840 331 904 392; x_wconf 85' lang='lat' dir='ltr'>odd.</span> <span class='ocrx_word' id='word_1_10' title='bbox 932 327 972 409; x_wconf 82' lang='lat' dir='ltr'>(v.</span> <span class='ocrx_word' id='word_1_11' title='bbox 996 333 1039 390; x_wconf 93' lang='grc'>44</span> <span class='ocrx_word' id='word_1_12' title='bbox 1068 332 1145 391; x_wconf 92' lang='lat' dir='ltr'>illud</span> 
     </span>
     <span class='ocr_line' id='line_1_3' title="bbox 132 416 694 498; baseline 0 -20"><span class='ocrx_word' id='word_1_13' title='bbox 132 425 267 495; x_wconf 81' lang='lat' dir='ltr'>occupato</span> <span class='ocrx_word' id='word_1_14' title='bbox 290 420 436 480; x_wconf 85' lang='lat' dir='ltr'>secundae</span> <span class='ocrx_word' id='word_1_15' title='bbox 459 423 504 480; x_wconf 89' lang='lat' dir='ltr'>est</span> <span class='ocrx_word' id='word_1_16' title='bbox 526 416 694 498; x_wconf 80' lang='lat' dir='ltr'>personae).</span> 
     </span>
    </p>

    <p class='ocr_par' dir='ltr' id='par_1_3' title="bbox 220 508 753 584">
     <span class='ocr_line' id='line_1_4' title="bbox 220 508 753 584; baseline -0.002 -17"><span class='ocrx_word' id='word_1_17' title='bbox 220 508 518 584; x_wconf 76' lang='grc' dir='ltr'>Π1,30,2.12.14.</span> <span class='ocrx_word' id='word_1_18' title='bbox 552 508 594 569; x_wconf 83' lang='lat' dir='ltr'>cf.</span> <span class='ocrx_word' id='word_1_19' title='bbox 618 508 662 567; x_wconf 91' lang='lat' dir='ltr'>ed.</span> <span class='ocrx_word' id='word_1_20' title='bbox 685 509 753 568; x_wconf 88' lang='lat' dir='ltr'>mai.</span> 
     </span>
    </p>

    <p class='ocr_par' dir='ltr' id='par_1_4' title="bbox 131 595 1142 1288">
     <span class='ocr_line' id='line_1_5' title="bbox 221 595 1142 674; baseline 0.002 -20"><span class='ocrx_word' id='word_1_21' title='bbox 221 595 284 654; x_wconf 87' lang='lat' dir='ltr'>Lib.</span> <span class='ocrx_word' id='word_1_22' title='bbox 297 597 350 656; x_wconf 91' lang='lat' dir='ltr'>IV.</span> <span class='ocrx_word' id='word_1_23' title='bbox 380 597 437 655; x_wconf 91' lang='lat' dir='ltr'>Hic</span> <span class='ocrx_word' id='word_1_24' title='bbox 456 596 532 657; x_wconf 92' lang='lat' dir='ltr'>liber</span> <span class='ocrx_word' id='word_1_25' title='bbox 548 597 580 655; x_wconf 91' lang='lat' dir='ltr'>in</span> <span class='ocrx_word' id='word_1_26' title='bbox 598 597 778 656; x_wconf 80' lang='lat' dir='ltr'><strong>carminibus</strong></span> <span class='ocrx_word' id='word_1_27' title='bbox 796 595 942 674; x_wconf 76' lang='lat' dir='ltr'>gravioris</span> <span class='ocrx_word' id='word_1_28' title='bbox 960 597 1142 674; x_wconf 78' lang='lat' dir='ltr'>argumenti,</span> 
     </span>
     <span class='ocr_line' id='line_1_6' title="bbox 134 683 1142 762; baseline 0.003 -21"><span class='ocrx_word' id='word_1_29' title='bbox 134 683 242 759; x_wconf 91' lang='lat' dir='ltr'>quibus</span> <span class='ocrx_word' id='word_1_30' title='bbox 265 685 384 745; x_wconf 91' lang='lat' dir='ltr'>omnino</span> <span class='ocrx_word' id='word_1_31' title='bbox 406 685 505 744; x_wconf 90' lang='lat' dir='ltr'>minus</span> <span class='ocrx_word' id='word_1_32' title='bbox 527 685 587 744; x_wconf 89' lang='lat' dir='ltr'>fuit</span> <span class='ocrx_word' id='word_1_33' title='bbox 605 687 710 761; x_wconf 91' lang='lat' dir='ltr'>aptum</span> <span class='ocrx_word' id='word_1_34' title='bbox 727 685 847 745; x_wconf 89' lang='lat' dir='ltr'>Horatii</span> <span class='ocrx_word' id='word_1_35' title='bbox 864 684 1026 762; x_wconf 83' lang='lat' dir='ltr'>ingenium,</span> <span class='ocrx_word' id='word_1_36' title='bbox 1051 703 1142 760; x_wconf 89' lang='lat' dir='ltr'>quae·</span> 
     </span>
     <span class='ocr_line' id='line_1_7' title="bbox 133 771 1142 850; baseline 0.003 -22"><span class='ocrx_word' id='word_1_37' title='bbox 133 771 202 830; x_wconf 91' lang='lat' dir='ltr'>dam</span> <span class='ocrx_word' id='word_1_38' title='bbox 227 771 318 832; x_wconf 88' lang='lat' dir='ltr'>habet</span> <span class='ocrx_word' id='word_1_39' title='bbox 343 772 561 850; x_wconf 78' lang='lat' dir='ltr'>languescentis</span> <span class='ocrx_word' id='word_1_40' title='bbox 591 775 622 831; x_wconf 89' lang='lat' dir='ltr'>et</span> <span class='ocrx_word' id='word_1_41' title='bbox 650 773 737 848; x_wconf 86' lang='lat' dir='ltr'>quasi</span> <span class='ocrx_word' id='word_1_42' title='bbox 764 772 990 833; x_wconf 88' lang='lat' dir='ltr'>defervescentis</span> <span class='ocrx_word' id='word_1_43' title='bbox 1017 773 1142 849; x_wconf 89' lang='lat' dir='ltr'>spiritus</span> 
     </span>
     <span class='ocr_line' id='line_1_8' title="bbox 134 860 1142 938; baseline 0.002 -20"><span class='ocrx_word' id='word_1_44' title='bbox 134 860 279 936; x_wconf 86' lang='lat' dir='ltr'>exempla,</span> <span class='ocrx_word' id='word_1_45' title='bbox 308 879 384 936; x_wconf 87' lang='lat' dir='ltr'>quae</span> <span class='ocrx_word' id='word_1_46' title='bbox 412 861 533 936; x_wconf 90' lang='lat' dir='ltr'>quidem</span> <span class='ocrx_word' id='word_1_47' title='bbox 555 861 682 919; x_wconf 84' lang='lat' dir='ltr'>maxime</span> <span class='ocrx_word' id='word_1_48' title='bbox 704 861 736 919; x_wconf 89' lang='lat' dir='ltr'>in</span> <span class='ocrx_word' id='word_1_49' title='bbox 760 863 788 938; x_wconf 80' lang='grc'>2,</span> <span class='ocrx_word' id='word_1_50' title='bbox 806 862 837 937; x_wconf 87' lang='grc'>4,</span> <span class='ocrx_word' id='word_1_51' title='bbox 857 864 884 936; x_wconf 83' lang='grc'>9,</span> <span class='ocrx_word' id='word_1_52' title='bbox 905 862 947 919; x_wconf 88' lang='grc'>14</span> <span class='ocrx_word' id='word_1_53' title='bbox 970 860 1142 920; x_wconf 83' lang='lat' dir='ltr'>observasse</span> 
     </span>
     <span class='ocr_line' id='line_1_9' title="bbox 132 947 1142 1024; baseline 0.002 -18"><span class='ocrx_word' id='word_1_54' title='bbox 132 947 205 1006; x_wconf 89' lang='lat' dir='ltr'>mihi</span> <span class='ocrx_word' id='word_1_55' title='bbox 225 948 334 1008; x_wconf 88' lang='lat' dir='ltr'>videor.</span> <span class='ocrx_word' id='word_1_56' title='bbox 374 947 533 1008; x_wconf 89' lang='lat' dir='ltr'>Praeterea</span> <span class='ocrx_word' id='word_1_57' title='bbox 555 948 587 1007; x_wconf 91' lang='lat' dir='ltr'>in</span> <span class='ocrx_word' id='word_1_58' title='bbox 610 948 739 1008; x_wconf 79' lang='lat' dir='ltr'>dictione</span> <span class='ocrx_word' id='word_1_59' title='bbox 761 949 905 1008; x_wconf 84' lang='lat' dir='ltr'>nonnulla</span> <span class='ocrx_word' id='word_1_60' title='bbox 928 952 1142 1024; x_wconf 71' lang='lat' dir='ltr'>comparente</span> 
     </span>
     <span class='ocr_line' id='line_1_10' title="bbox 131 1035 1142 1112; baseline 0.001 -19"><span class='ocrx_word' id='word_1_61' title='bbox 131 1035 280 1110; x_wconf 86' lang='lat' dir='ltr'>prioribus</span> <span class='ocrx_word' id='word_1_62' title='bbox 305 1036 389 1095; x_wconf 84' lang='lat' dir='ltr'>libris</span> <span class='ocrx_word' id='word_1_63' title='bbox 416 1036 545 1112; x_wconf 85' lang='lat' dir='ltr'>diversa,</span> <span class='ocrx_word' id='word_1_64' title='bbox 571 1037 646 1096; x_wconf 88' lang='lat' dir='ltr'>item</span> <span class='ocrx_word' id='word_1_65' title='bbox 670 1037 703 1094; x_wconf 90' lang='lat' dir='ltr'>in</span> <span class='ocrx_word' id='word_1_66' title='bbox 725 1037 856 1112; x_wconf 80' lang='lat' dir='ltr'>metrica,</span> <span class='ocrx_word' id='word_1_67' title='bbox 886 1036 998 1112; x_wconf 87' lang='lat' dir='ltr'>partim</span> <span class='ocrx_word' id='word_1_68' title='bbox 1024 1036 1142 1095; x_wconf 86' lang='lat' dir='ltr'>intenta</span> 
     </span>
     <span class='ocr_line' id='line_1_11' title="bbox 132 1123 1141 1201; baseline 0.003 -20"><span class='ocrx_word' id='word_1_69' title='bbox 132 1123 290 1183; x_wconf 86' lang='lat' dir='ltr'>severitate</span> <span class='ocrx_word' id='word_1_70' title='bbox 319 1124 406 1201; x_wconf 83' lang='lat' dir='ltr'>legis,</span> <span class='ocrx_word' id='word_1_71' title='bbox 442 1127 479 1184; x_wconf 90' lang='lat' dir='ltr'>ut</span> <span class='ocrx_word' id='word_1_72' title='bbox 508 1125 540 1183; x_wconf 88' lang='lat' dir='ltr'>in</span> <span class='ocrx_word' id='word_1_73' title='bbox 571 1125 708 1184; x_wconf 87' lang='lat' dir='ltr'>anacrusi</span> <span class='ocrx_word' id='word_1_74' title='bbox 738 1142 841 1185; x_wconf 80' lang='lat' dir='ltr'>versus</span> <span class='ocrx_word' id='word_1_75' title='bbox 874 1124 990 1200; x_wconf 89' lang='lat' dir='ltr'>alcaici,</span> <span class='ocrx_word' id='word_1_76' title='bbox 1029 1125 1141 1200; x_wconf 87' lang='lat' dir='ltr'>partim</span> 
     </span>
     <span class='ocr_line' id='line_1_12' title="bbox 131 1206 684 1288; baseline 0.002 -19"><span class='ocrx_word' id='word_1_77' title='bbox 131 1211 263 1286; x_wconf 88' lang='lat' dir='ltr'>remissa,</span> <span class='ocrx_word' id='word_1_78' title='bbox 285 1212 374 1270; x_wconf 92' lang='lat' dir='ltr'>utin</span> <span class='ocrx_word' id='word_1_79' title='bbox 397 1231 519 1272; x_wconf 84' lang='lat' dir='ltr'>caesura</span> <span class='ocrx_word' id='word_1_80' title='bbox 542 1206 684 1288; x_wconf 83' lang='lat' dir='ltr'>sapp‘hici.</span> 
     </span>
    </p>

    <p class='ocr_par' dir='ltr' id='par_1_5' title="bbox 131 1298 1140 1447">
     <span class='ocr_line' id='line_1_13' title="bbox 219 1298 1140 1376; baseline 0.003 -19"><span class='ocrx_word' id='word_1_81' title='bbox 219 1298 272 1375; x_wconf 90' lang='lat' dir='ltr'>IV,</span> <span class='ocrx_word' id='word_1_82' title='bbox 287 1302 315 1375; x_wconf 87' lang='lat'>1,</span> <span class='ocrx_word' id='word_1_83' title='bbox 332 1303 359 1359; x_wconf 83' lang='lat'>9.</span> <span class='ocrx_word' id='word_1_84' title='bbox 388 1302 421 1359; x_wconf 78' lang='lat' dir='ltr'>icc</span> <span class='ocrx_word' id='word_1_85' title='bbox 438 1301 537 1372; x_wconf 70' lang='lat' dir='ltr'>doma·</span> <span class='ocrx_word' id='word_1_86' title='bbox 558 1319 627 1376; x_wconf 91' lang='lat' dir='ltr'>pars</span> <span class='ocrx_word' id='word_1_87' title='bbox 645 1301 790 1360; x_wconf 91' lang='lat' dir='ltr'>librorum</span> <span class='ocrx_word' id='word_1_88' title='bbox 806 1302 840 1360; x_wconf 76' lang='lat' dir='ltr'>irc</span> <span class='ocrx_word' id='word_1_89' title='bbox 857 1301 991 1371; x_wconf 61' lang='lat' dir='ltr'>dorcaca-</span> <span class='ocrx_word' id='word_1_90' title='bbox 1013 1300 1140 1360; x_wconf 88' lang='lat' dir='ltr'>fortasse</span> 
     </span>
     <span class='ocr_line' id='line_1_14' title="bbox 131 1385 530 1447; baseline 0 -1"><span class='ocrx_word' id='word_1_91' title='bbox 131 1389 164 1446; x_wconf 79' lang='lat' dir='ltr'>ia</span> <span class='ocrx_word' id='word_1_92' title='bbox 186 1388 281 1446; x_wconf 77' lang='lat' dir='ltr'>coma</span> <span class='ocrx_word' id='word_1_93' title='bbox 328 1385 371 1445; x_wconf 80' lang='lat' dir='ltr'>Of.</span> <span class='ocrx_word' id='word_1_94' title='bbox 395 1387 439 1446; x_wconf 91' lang='lat' dir='ltr'>ed.</span> <span class='ocrx_word' id='word_1_95' title='bbox 461 1387 530 1447; x_wconf 89' lang='lat' dir='ltr'>mai.</span> 
     </span>
    </p>

    <p class='ocr_par' dir='ltr' id='par_1_6' title="bbox 129 1475 1140 1903">
     <span class='ocr_line' id='line_1_15' title="bbox 218 1475 1140 1552; baseline 0.003 -19"><span class='ocrx_word' id='word_1_96' title='bbox 218 1475 272 1551; x_wconf 87' lang='lat' dir='ltr'>IV,</span> <span class='ocrx_word' id='word_1_97' title='bbox 287 1477 315 1550; x_wconf 87' lang='lat'>1,</span> <span class='ocrx_word' id='word_1_98' title='bbox 331 1476 381 1533; x_wconf 84' lang='lat'>16.</span> <span class='ocrx_word' id='word_1_99' title='bbox 403 1476 489 1551; x_wconf 85' lang='lat' dir='ltr'>Vere,</span> <span class='ocrx_word' id='word_1_100' title='bbox 506 1478 543 1534; x_wconf 90' lang='lat' dir='ltr'>ut</span> <span class='ocrx_word' id='word_1_101' title='bbox 559 1479 643 1552; x_wconf 86' lang='lat' dir='ltr'>puto,</span> <span class='ocrx_word' id='word_1_102' title='bbox 660 1475 826 1536; x_wconf 88' lang='lat' dir='ltr'>Meinckius</span> <span class='ocrx_word' id='word_1_103' title='bbox 846 1477 903 1535; x_wconf 77' lang='lat' dir='ltr'>loto</span> <span class='ocrx_word' id='word_1_104' title='bbox 919 1477 1041 1535; x_wconf 67' lang='grc'><strong>66666666</strong></span> <span class='ocrx_word' id='word_1_105' title='bbox 1053 1479 1140 1551; x_wconf 62' lang='lat' dir='ltr'>sobo</span> 
     </span>
     <span class='ocr_line' id='line_1_16' title="bbox 130 1563 1139 1640; baseline 0.005 -20"><span class='ocrx_word' id='word_1_106' title='bbox 130 1564 203 1636; x_wconf 81' lang='lat' dir='ltr'>feret</span> <span class='ocrx_word' id='word_1_107' title='bbox 219 1567 294 1631; x_wconf 69' lang='lat' dir='ltr'>aaa,</span> <span class='ocrx_word' id='word_1_108' title='bbox 313 1563 375 1622; x_wconf 85' lang='lat' dir='ltr'>sivo</span> <span class='ocrx_word' id='word_1_109' title='bbox 394 1564 412 1624; x_wconf 85' lang='lat' dir='ltr'>l.</span> <span class='ocrx_word' id='word_1_110' title='bbox 430 1581 454 1622; x_wconf 77' lang='lat' dir='ltr'>s,</span> <span class='ocrx_word' id='word_1_111' title='bbox 471 1568 489 1622; x_wconf 78' lang='lat' dir='ltr'>t.</span> <span class='ocrx_word' id='word_1_112' title='bbox 503 1583 540 1622; x_wconf 84' lang='lat' dir='ltr'>m.</span> <span class='ocrx_word' id='word_1_113' title='bbox 555 1565 586 1637; x_wconf 70' lang='lat' dir='ltr'>f„</span> <span class='ocrx_word' id='word_1_114' title='bbox 604 1564 715 1640; x_wconf 90' lang='lat' dir='ltr'>partim</span> <span class='ocrx_word' id='word_1_115' title='bbox 735 1564 884 1639; x_wconf 87' lang='lat' dir='ltr'>euphonia</span> <span class='ocrx_word' id='word_1_116' title='bbox 901 1563 1008 1638; x_wconf 86' lang='lat' dir='ltr'>iudice,</span> <span class='ocrx_word' id='word_1_117' title='bbox 1027 1565 1139 1640; x_wconf 90' lang='lat' dir='ltr'>partim</span> 
     </span>
     <span class='ocr_line' id='line_1_17' title="bbox 130 1650 1138 1729; baseline 0.002 -20"><span class='ocrx_word' id='word_1_118' title='bbox 130 1653 254 1726; x_wconf 91' lang='lat' dir='ltr'>propter</span> <span class='ocrx_word' id='word_1_119' title='bbox 279 1670 391 1711; x_wconf 83' lang='lat' dir='ltr'>morem</span> <span class='ocrx_word' id='word_1_120' title='bbox 417 1651 455 1710; x_wconf 91' lang='lat' dir='ltr'>ab</span> <span class='ocrx_word' id='word_1_121' title='bbox 481 1651 608 1712; x_wconf 91' lang='lat' dir='ltr'>Horatio</span> <span class='ocrx_word' id='word_1_122' title='bbox 635 1652 809 1728; x_wconf 81' lang='lat' dir='ltr'>copulandis</span> <span class='ocrx_word' id='word_1_123' title='bbox 837 1650 1079 1729; x_wconf 82' lang='lat' dir='ltr'>disiungendisve</span> <span class='ocrx_word' id='word_1_124' title='bbox 1107 1654 1138 1711; x_wconf 92' lang='lat' dir='ltr'>in</span> 
     </span>
     <span class='ocr_line' id='line_1_18' title="bbox 130 1738 1139 1816; baseline 0.001 -19"><span class='ocrx_word' id='word_1_125' title='bbox 130 1739 186 1799; x_wconf 91' lang='lat' dir='ltr'>hoc</span> <span class='ocrx_word' id='word_1_126' title='bbox 216 1742 312 1799; x_wconf 89' lang='lat' dir='ltr'>metro</span> <span class='ocrx_word' id='word_1_127' title='bbox 343 1738 490 1798; x_wconf 82' lang='lat' dir='ltr'>adiectivo</span> <span class='ocrx_word' id='word_1_128' title='bbox 523 1743 554 1798; x_wconf 90' lang='lat' dir='ltr'>ct</span> <span class='ocrx_word' id='word_1_129' title='bbox 584 1739 772 1799; x_wconf 85' lang='lat' dir='ltr'>substantivo</span> <span class='ocrx_word' id='word_1_130' title='bbox 809 1739 1012 1815; x_wconf 81' lang='lat' dir='ltr'>observatum,</span> <span class='ocrx_word' id='word_1_131' title='bbox 1050 1760 1139 1816; x_wconf 86' lang='lat' dir='ltr'>quam</span> 
     </span>
     <span class='ocr_line' id='line_1_19' title="bbox 129 1826 491 1903; baseline -0.006 -17"><span class='ocrx_word' id='word_1_132' title='bbox 129 1827 244 1903; x_wconf 90' lang='lat' dir='ltr'>primns</span> <span class='ocrx_word' id='word_1_133' title='bbox 266 1826 411 1887; x_wconf 88' lang='lat' dir='ltr'>indicavit</span> <span class='ocrx_word' id='word_1_134' title='bbox 431 1827 491 1886; x_wconf 88' lang='lat' dir='ltr'>ille.</span> 
     </span>
    </p>

    <p class='ocr_par' dir='ltr' id='par_1_7' title="bbox 129 1914 1138 2340">
     <span class='ocr_line' id='line_1_20' title="bbox 218 1914 1138 1991; baseline 0.004 -19"><span class='ocrx_word' id='word_1_135' title='bbox 218 1914 270 1990; x_wconf 84' lang='lat' dir='ltr'>IV,</span> <span class='ocrx_word' id='word_1_136' title='bbox 286 1917 313 1991; x_wconf 84' lang='lat'>1,</span> <span class='ocrx_word' id='word_1_137' title='bbox 329 1916 379 1974; x_wconf 84' lang='lat'>35.</span> <span class='ocrx_word' id='word_1_138' title='bbox 396 1916 446 1974; x_wconf 88' lang='grc'>36.</span> <span class='ocrx_word' id='word_1_139' title='bbox 477 1932 530 1974; x_wconf 79' lang='lat' dir='ltr'>cur</span> <span class='ocrx_word' id='word_1_140' title='bbox 551 1916 683 1989; x_wconf 71' lang='lat' dir='ltr'>formido</span> <span class='ocrx_word' id='word_1_141' title='bbox 699 1933 812 1988; x_wconf 72' lang='lat' dir='ltr'>porcam</span> <span class='ocrx_word' id='word_1_142' title='bbox 834 1916 934 1974; x_wconf 82' lang='lat' dir='ltr'>decoro</span> <span class='ocrx_word' id='word_1_143' title='bbox 955 1916 1032 1974; x_wconf 73' lang='lat' dir='ltr'>tator</span> <span class='ocrx_word' id='word_1_144' title='bbox 1050 1919 1138 1976; x_wconf 84' lang='lat' dir='ltr'>cerba</span> 
     </span>
     <span class='ocr_line' id='line_1_21' title="bbox 130 2000 1136 2076; baseline 0 -14"><span class='ocrx_word' id='word_1_145' title='bbox 130 2005 209 2062; x_wconf 80' lang='lat' dir='ltr'>cudit</span> <span class='ocrx_word' id='word_1_146' title='bbox 234 2003 335 2076; x_wconf 66' lang='lat' dir='ltr'>linquo</span> <span class='ocrx_word' id='word_1_147' title='bbox 361 2004 480 2062; x_wconf 78' lang='lat' dir='ltr'>silentio.</span> <span class='ocrx_word' id='word_1_148' title='bbox 530 2000 616 2071; x_wconf 84' lang='lat' dir='ltr'>Quod</span> <span class='ocrx_word' id='word_1_149' title='bbox 647 2001 722 2061; x_wconf 88' lang='lat' dir='ltr'>dixit</span> <span class='ocrx_word' id='word_1_150' title='bbox 749 2000 956 2062; x_wconf 85' lang='lat' dir='ltr'>Lachmannus</span> <span class='ocrx_word' id='word_1_151' title='bbox 984 2003 1022 2061; x_wconf 88' lang='lat' dir='ltr'>ad</span> <span class='ocrx_word' id='word_1_152' title='bbox 1049 2003 1136 2064; x_wconf 90' lang='lat' dir='ltr'>Lucr.</span> 
     </span>
     <span class='ocr_line' id='line_1_22' title="bbox 129 2090 1137 2168; baseline 0.002 -19"><span class='ocrx_word' id='word_1_153' title='bbox 129 2111 159 2166; x_wconf 88' lang='lat' dir='ltr'>p.</span> <span class='ocrx_word' id='word_1_154' title='bbox 187 2092 227 2149; x_wconf 89' lang='grc'>66</span> <span class='ocrx_word' id='word_1_155' title='bbox 260 2090 298 2148; x_wconf 84' lang='lat' dir='ltr'>ab</span> <span class='ocrx_word' id='word_1_156' title='bbox 328 2090 400 2150; x_wconf 93' lang='lat' dir='ltr'>Hor.</span> <span class='ocrx_word' id='word_1_157' title='bbox 432 2109 492 2150; x_wconf 92' lang='lat' dir='ltr'>non</span> <span class='ocrx_word' id='word_1_158' title='bbox 523 2090 593 2149; x_wconf 91' lang='lat' dir='ltr'>elidi</span> <span class='ocrx_word' id='word_1_159' title='bbox 623 2091 728 2168; x_wconf 82' lang='lat' dir='ltr'>longas</span> <span class='ocrx_word' id='word_1_160' title='bbox 759 2090 791 2147; x_wconf 94' lang='lat' dir='ltr'>in</span> <span class='ocrx_word' id='word_1_161' title='bbox 828 2093 936 2165; x_wconf 87' lang='lat' dir='ltr'>quarto</span> <span class='ocrx_word' id='word_1_162' title='bbox 970 2091 1137 2151; x_wconf 86' lang='lat' dir='ltr'>carminum</span> 
     </span>
     <span class='ocr_line' id='line_1_23' title="bbox 129 2178 1137 2260; baseline 0.003 -24"><span class='ocrx_word' id='word_1_163' title='bbox 129 2178 213 2253; x_wconf 82' lang='lat' dir='ltr'>libro,</span> <span class='ocrx_word' id='word_1_164' title='bbox 237 2179 267 2237; x_wconf 90' lang='lat' dir='ltr'>et</span> <span class='ocrx_word' id='word_1_165' title='bbox 285 2179 340 2237; x_wconf 94' lang='lat' dir='ltr'>hoc</span> <span class='ocrx_word' id='word_1_166' title='bbox 358 2178 422 2238; x_wconf 91' lang='lat' dir='ltr'>loco</span> <span class='ocrx_word' id='word_1_167' title='bbox 440 2178 588 2236; x_wconf 78' lang='lat' dir='ltr'>refellitur</span> <span class='ocrx_word' id='word_1_168' title='bbox 610 2180 641 2237; x_wconf 87' lang='lat' dir='ltr'>et</span> <span class='ocrx_word' id='word_1_169' title='bbox 660 2179 688 2254; x_wconf 86' lang='lat'>3,</span> <span class='ocrx_word' id='word_1_170' title='bbox 705 2180 760 2236; x_wconf 81' lang='lat'>24:</span> <span class='ocrx_word' id='word_1_171' title='bbox 783 2180 858 2251; x_wconf 82' lang='lat' dir='ltr'>quod</span> <span class='ocrx_word' id='word_1_172' title='bbox 880 2180 959 2252; x_wconf 69' lang='lat' dir='ltr'>spiro</span> <span class='ocrx_word' id='word_1_173' title='bbox 983 2183 1009 2238; x_wconf 83' lang='lat' dir='ltr'>et</span> <span class='ocrx_word' id='word_1_174' title='bbox 1025 2180 1137 2260; x_wconf 82' lang='lat' dir='ltr'>placeo,</span> 
     </span>
     <span class='ocr_line' id='line_1_24' title="bbox 129 2267 417 2340; baseline -0.01 -14"><span class='ocrx_word' id='word_1_175' title='bbox 129 2267 284 2340; x_wconf 74' lang='lat' dir='ltr'>siptacen,</span> <span class='ocrx_word' id='word_1_176' title='bbox 307 2269 417 2324; x_wconf 81' lang='lat' dir='ltr'>twumst</span> 
     </span>
    </p>

    <p class='ocr_par' dir='ltr' id='par_1_8' title="bbox 125 2353 1137 3556">
     <span class='ocr_line' id='line_1_25' title="bbox 216 2353 1137 2429; baseline 0.002 -17"><span class='ocrx_word' id='word_1_177' title='bbox 216 2354 369 2429; x_wconf 79' lang='lat' dir='ltr'>1V,a,a</span> <span class='ocrx_word' id='word_1_178' title='bbox 409 2353 492 2424; x_wconf 65' lang='lat' dir='ltr'>Icta·</span> <span class='ocrx_word' id='word_1_179' title='bbox 527 2372 595 2414; x_wconf 90' lang='lat' dir='ltr'>cum</span> <span class='ocrx_word' id='word_1_180' title='bbox 626 2354 699 2414; x_wconf 88' lang='lat' dir='ltr'>satis</span> <span class='ocrx_word' id='word_1_181' title='bbox 730 2353 792 2413; x_wconf 88' lang='lat' dir='ltr'>iam</span> <span class='ocrx_word' id='word_1_182' title='bbox 822 2355 939 2413; x_wconf 90' lang='lat' dir='ltr'>constet</span> <span class='ocrx_word' id='word_1_183' title='bbox 968 2353 1137 2414; x_wconf 87' lang='lat' dir='ltr'>Antonium</span> 
     </span>
     <span class='ocr_line' id='line_1_26' title="bbox 128 2440 1137 2519; baseline 0.002 -20"><span class='ocrx_word' id='word_1_184' title='bbox 128 2441 278 2500; x_wconf 81' lang='lat' dir='ltr'>triumviri</span> <span class='ocrx_word' id='word_1_185' title='bbox 304 2440 400 2500; x_wconf 89' lang='lat' dir='ltr'>filium</span> <span class='ocrx_word' id='word_1_186' title='bbox 421 2441 523 2500; x_wconf 81' lang='lat' dir='ltr'>Ialwm</span> <span class='ocrx_word' id='word_1_187' title='bbox 545 2445 698 2518; x_wconf 76' lang='lat' dir='ltr'>vocatum,</span> <span class='ocrx_word' id='word_1_188' title='bbox 725 2461 785 2501; x_wconf 92' lang='lat' dir='ltr'>non</span> <span class='ocrx_word' id='word_1_189' title='bbox 806 2443 933 2519; x_wconf 71' lang='lat' dir='ltr'>Iuliana,</span> <span class='ocrx_word' id='word_1_190' title='bbox 962 2443 992 2500; x_wconf 90' lang='lat' dir='ltr'>et</span> <span class='ocrx_word' id='word_1_191' title='bbox 1016 2442 1137 2518; x_wconf 91' lang='lat' dir='ltr'>quidem</span> 
     </span>
     <span class='ocr_line' id='line_1_27' title="bbox 128 2528 1135 2608; baseline 0.003 -21"><span class='ocrx_word' id='word_1_192' title='bbox 128 2530 319 2597; x_wconf 89' lang='lat' dir='ltr'>inhonorem</span> <span class='ocrx_word' id='word_1_193' title='bbox 335 2529 431 2589; x_wconf 89' lang='lat' dir='ltr'>Iuliae</span> <span class='ocrx_word' id='word_1_194' title='bbox 450 2529 543 2605; x_wconf 86' lang='lat' dir='ltr'>aviae,</span> <span class='ocrx_word' id='word_1_195' title='bbox 567 2548 643 2606; x_wconf 87' lang='lat' dir='ltr'>quae</span> <span class='ocrx_word' id='word_1_196' title='bbox 666 2530 703 2588; x_wconf 84' lang='lat' dir='ltr'>ab</span> <span class='ocrx_word' id='word_1_197' title='bbox 723 2529 791 2590; x_wconf 86' lang='lat' dir='ltr'>Iulo</span> <span class='ocrx_word' id='word_1_198' title='bbox 813 2529 934 2589; x_wconf 85' lang='lat' dir='ltr'>Aeneae</span> <span class='ocrx_word' id='word_1_199' title='bbox 956 2528 1017 2589; x_wconf 89' lang='lat' dir='ltr'>filio</span> <span class='ocrx_word' id='word_1_200' title='bbox 1041 2549 1135 2608; x_wconf 83' lang='lat' dir='ltr'>genus</span> 
     </span>
     <span class='ocr_line' id='line_1_28' title="bbox 129 2617 1134 2695; baseline 0.002 -20"><span class='ocrx_word' id='word_1_201' title='bbox 129 2618 235 2677; x_wconf 87' lang='lat' dir='ltr'>ducere</span> <span class='ocrx_word' id='word_1_202' title='bbox 253 2618 425 2694; x_wconf 84' lang='lat' dir='ltr'>putabatur,</span> <span class='ocrx_word' id='word_1_203' title='bbox 443 2617 499 2677; x_wconf 91' lang='lat' dir='ltr'>hoc</span> <span class='ocrx_word' id='word_1_204' title='bbox 517 2619 619 2677; x_wconf 87' lang='lat' dir='ltr'>autem</span> <span class='ocrx_word' id='word_1_205' title='bbox 634 2636 749 2693; x_wconf 89' lang='lat' dir='ltr'>semper</span> <span class='ocrx_word' id='word_1_206' title='bbox 762 2618 802 2676; x_wconf 91' lang='lat' dir='ltr'>sit</span> <span class='ocrx_word' id='word_1_207' title='bbox 815 2637 923 2677; x_wconf 92' lang='lat' dir='ltr'>nomen</span> <span class='ocrx_word' id='word_1_208' title='bbox 936 2617 1134 2695; x_wconf 74' lang='lat' dir='ltr'>trisyllabum,</span> 
     </span>
     <span class='ocr_line' id='line_1_29' title="bbox 129 2704 1135 2781; baseline 0.002 -17"><span class='ocrx_word' id='word_1_209' title='bbox 129 2724 256 2781; x_wconf 90' lang='lat' dir='ltr'>cumque</span> <span class='ocrx_word' id='word_1_210' title='bbox 274 2706 405 2765; x_wconf 87' lang='lat' dir='ltr'>alienum</span> <span class='ocrx_word' id='word_1_211' title='bbox 422 2705 462 2765; x_wconf 94' lang='lat' dir='ltr'>sit</span> <span class='ocrx_word' id='word_1_212' title='bbox 480 2704 518 2764; x_wconf 88' lang='lat' dir='ltr'>ab</span> <span class='ocrx_word' id='word_1_213' title='bbox 536 2705 656 2765; x_wconf 90' lang='lat' dir='ltr'>Horatii</span> <span class='ocrx_word' id='word_1_214' title='bbox 677 2725 758 2766; x_wconf 91' lang='lat' dir='ltr'>more</span> <span class='ocrx_word' id='word_1_215' title='bbox 782 2705 909 2764; x_wconf 90' lang='lat' dir='ltr'>eundem</span> <span class='ocrx_word' id='word_1_216' title='bbox 931 2706 1081 2765; x_wconf 90' lang='lat' dir='ltr'>hominem</span> <span class='ocrx_word' id='word_1_217' title='bbox 1103 2708 1135 2766; x_wconf 92' lang='lat' dir='ltr'>in</span> 
     </span>
     <span class='ocr_line' id='line_1_30' title="bbox 128 2792 1135 2870; baseline 0.005 -20"><span class='ocrx_word' id='word_1_218' title='bbox 128 2792 228 2868; x_wconf 74' lang='lat' dir='ltr'>lyricis</span> <span class='ocrx_word' id='word_1_219' title='bbox 260 2793 438 2853; x_wconf 85' lang='lat' dir='ltr'>carminibus</span> <span class='ocrx_word' id='word_1_220' title='bbox 469 2793 519 2853; x_wconf 82' lang='lat' dir='ltr'>vel</span> <span class='ocrx_word' id='word_1_221' title='bbox 549 2792 683 2852; x_wconf 88' lang='lat' dir='ltr'>iambicis</span> <span class='ocrx_word' id='word_1_222' title='bbox 721 2792 844 2853; x_wconf 83' lang='lat' dir='ltr'>diversis</span> <span class='ocrx_word' id='word_1_223' title='bbox 876 2794 1049 2870; x_wconf 87' lang='lat' dir='ltr'>compellari</span> <span class='ocrx_word' id='word_1_224' title='bbox 1083 2816 1135 2855; x_wconf 89' lang='lat' dir='ltr'>no·</span> 
     </span>
     <span class='ocr_line' id='line_1_31' title="bbox 127 2881 1136 2958; baseline 0.004 -20"><span class='ocrx_word' id='word_1_225' title='bbox 127 2881 268 2955; x_wconf 82' lang='lat' dir='ltr'>minibus,</span> <span class='ocrx_word' id='word_1_226' title='bbox 300 2881 379 2939; x_wconf 93' lang='lat' dir='ltr'>sicut</span> <span class='ocrx_word' id='word_1_227' title='bbox 408 2881 472 2940; x_wconf 87' lang='lat' dir='ltr'>fieri</span> <span class='ocrx_word' id='word_1_228' title='bbox 503 2881 638 2940; x_wconf 81' lang='lat' dir='ltr'>videmus</span> <span class='ocrx_word' id='word_1_229' title='bbox 665 2899 693 2940; x_wconf 85' lang='lat' dir='ltr'>v.</span> <span class='ocrx_word' id='word_1_230' title='bbox 717 2882 772 2957; x_wconf 81' lang='lat'>26,</span> <span class='ocrx_word' id='word_1_231' title='bbox 804 2885 929 2957; x_wconf 87' lang='lat' dir='ltr'>apparet</span> <span class='ocrx_word' id='word_1_232' title='bbox 961 2885 1136 2958; x_wconf 90' lang='lat' dir='ltr'>corruptum</span> 
     </span>
     <span class='ocr_line' id='line_1_32' title="bbox 127 2968 1135 3045; baseline 0 -17"><span class='ocrx_word' id='word_1_233' title='bbox 127 2968 306 3028; x_wconf 83' lang='lat' dir='ltr'>vocabulum</span> <span class='ocrx_word' id='word_1_234' title='bbox 332 2968 462 3043; x_wconf 90' lang='lat' dir='ltr'>primum</span> <span class='ocrx_word' id='word_1_235' title='bbox 483 2988 511 3028; x_wconf 80' lang='lat' dir='ltr'>u</span> <span class='ocrx_word' id='word_1_236' title='bbox 536 2970 564 3027; x_wconf 75' lang='lat'>2.</span> <span class='ocrx_word' id='word_1_237' title='bbox 609 2968 675 3027; x_wconf 91' lang='lat' dir='ltr'>Iam</span> <span class='ocrx_word' id='word_1_238' title='bbox 701 2987 769 3028; x_wconf 93' lang='lat' dir='ltr'>cum</span> <span class='ocrx_word' id='word_1_239' title='bbox 790 2971 914 3045; x_wconf 90' lang='lat' dir='ltr'>propter</span> <span class='ocrx_word' id='word_1_240' title='bbox 935 2968 1053 3028; x_wconf 89' lang='lat' dir='ltr'>hiatum</span> <span class='ocrx_word' id='word_1_241' title='bbox 1075 2990 1135 3031; x_wconf 91' lang='lat' dir='ltr'>non</span> 
     </span>
     <span class='ocr_line' id='line_1_33' title="bbox 127 3056 1135 3133; baseline 0.001 -18"><span class='ocrx_word' id='word_1_242' title='bbox 127 3056 301 3133; x_wconf 86' lang='lat' dir='ltr'>admissum,</span> <span class='ocrx_word' id='word_1_243' title='bbox 333 3058 369 3114; x_wconf 92' lang='lat' dir='ltr'>ut</span> <span class='ocrx_word' id='word_1_244' title='bbox 400 3056 537 3117; x_wconf 86' lang='lat' dir='ltr'>observat</span> <span class='ocrx_word' id='word_1_245' title='bbox 567 3056 818 3133; x_wconf 80' lang='lat' dir='ltr'>Hirschfelderns,</span> <span class='ocrx_word' id='word_1_246' title='bbox 854 3056 930 3117; x_wconf 87' lang='lat' dir='ltr'>libro</span> <span class='ocrx_word' id='word_1_247' title='bbox 963 3060 1071 3133; x_wconf 83' lang='lat' dir='ltr'>quarto</span> <span class='ocrx_word' id='word_1_248' title='bbox 1103 3059 1135 3116; x_wconf 91' lang='lat' dir='ltr'>in</span> 
     </span>
     <span class='ocr_line' id='line_1_34' title="bbox 126 3144 1135 3223; baseline 0.003 -20"><span class='ocrx_word' id='word_1_249' title='bbox 126 3144 260 3204; x_wconf 88' lang='lat' dir='ltr'>confiniis</span> <span class='ocrx_word' id='word_1_250' title='bbox 287 3161 428 3203; x_wconf 85' lang='lat' dir='ltr'>versuum</span> <span class='ocrx_word' id='word_1_251' title='bbox 454 3144 664 3220; x_wconf 88' lang='lat' dir='ltr'>sapphicornm</span> <span class='ocrx_word' id='word_1_252' title='bbox 688 3165 748 3206; x_wconf 92' lang='lat' dir='ltr'>non</span> <span class='ocrx_word' id='word_1_253' title='bbox 774 3144 870 3221; x_wconf 86' lang='lat' dir='ltr'>possit</span> <span class='ocrx_word' id='word_1_254' title='bbox 892 3146 1018 3223; x_wconf 77' lang='lat' dir='ltr'>cogitari</span> <span class='ocrx_word' id='word_1_255' title='bbox 1040 3146 1076 3205; x_wconf 92' lang='lat' dir='ltr'>de</span> <span class='ocrx_word' id='word_1_256' title='bbox 1100 3167 1135 3207; x_wconf 81' lang='lat' dir='ltr'>eo</span> 
     </span>
     <span class='ocr_line' id='line_1_35' title="bbox 127 3231 1136 3310; baseline 0.002 -20"><span class='ocrx_word' id='word_1_257' title='bbox 127 3232 208 3308; x_wconf 93' lang='lat' dir='ltr'>quod</span> <span class='ocrx_word' id='word_1_258' title='bbox 220 3231 406 3308; x_wconf 85' lang='lat' dir='ltr'>Perlcampio</span> <span class='ocrx_word' id='word_1_259' title='bbox 424 3233 508 3292; x_wconf 81' lang='lat' dir='ltr'>venit</span> <span class='ocrx_word' id='word_1_260' title='bbox 525 3233 557 3291; x_wconf 91' lang='lat' dir='ltr'>in</span> <span class='ocrx_word' id='word_1_261' title='bbox 574 3236 717 3293; x_wconf 85' lang='lat' dir='ltr'>mentem:</span> <span class='ocrx_word' id='word_1_262' title='bbox 734 3234 783 3293; x_wconf 74' lang='lat' dir='ltr'>illc</span> <span class='ocrx_word' id='word_1_263' title='bbox 801 3235 912 3310; x_wconf 64' lang='lat' dir='ltr'>cautis,</span> <span class='ocrx_word' id='word_1_264' title='bbox 930 3233 1136 3310; x_wconf 86' lang='lat' dir='ltr'>reponendum</span> 
     </span>
     <span class='ocr_line' id='line_1_36' title="bbox 125 3318 1136 3399; baseline 0.002 -19"><span class='ocrx_word' id='word_1_265' title='bbox 125 3321 245 3380; x_wconf 75' lang='lat' dir='ltr'>videtur</span> <span class='ocrx_word' id='word_1_266' title='bbox 267 3323 339 3397; x_wconf 78' lang='lat' dir='ltr'>iore,</span> <span class='ocrx_word' id='word_1_267' title='bbox 364 3320 409 3378; x_wconf 90' lang='lat' dir='ltr'>ita</span> <span class='ocrx_word' id='word_1_268' title='bbox 432 3318 560 3396; x_wconf 72' lang='lat' dir='ltr'>quidem,</span> <span class='ocrx_word' id='word_1_269' title='bbox 583 3323 619 3379; x_wconf 95' lang='lat' dir='ltr'>ut</span> <span class='ocrx_word' id='word_1_270' title='bbox 640 3321 672 3379; x_wconf 91' lang='lat' dir='ltr'>id</span> <span class='ocrx_word' id='word_1_271' title='bbox 693 3321 788 3399; x_wconf 80' lang='lat' dir='ltr'>magis</span> <span class='ocrx_word' id='word_1_272' title='bbox 811 3321 961 3398; x_wconf 87' lang='lat' dir='ltr'>pertineat</span> <span class='ocrx_word' id='word_1_273' title='bbox 984 3322 1022 3380; x_wconf 90' lang='lat' dir='ltr'>ad</span> <span class='ocrx_word' id='word_1_274' title='bbox 1044 3323 1136 3383; x_wconf 81' lang='lat' dir='ltr'>verba</span> 
     </span>
     <span class='ocr_line' id='line_1_37' title="bbox 125 3408 1135 3485; baseline 0.003 -19"><span class='ocrx_word' id='word_1_275' title='bbox 125 3411 213 3467; x_wconf 77' lang='lat' dir='ltr'>vitreo</span> <span class='ocrx_word' id='word_1_276' title='bbox 236 3410 361 3468; x_wconf 79' lang='lat' dir='ltr'>datarus</span> <span class='ocrx_word' id='word_1_277' title='bbox 382 3409 503 3468; x_wconf 77' lang='lat' dir='ltr'>nomino</span> <span class='ocrx_word' id='word_1_278' title='bbox 518 3413 609 3482; x_wconf 77' lang='lat' dir='ltr'>ponto</span> <span class='ocrx_word' id='word_1_279' title='bbox 635 3427 726 3485; x_wconf 89' lang='lat' dir='ltr'>quum</span> <span class='ocrx_word' id='word_1_280' title='bbox 748 3408 787 3468; x_wconf 87' lang='lat' dir='ltr'>ad</span> <span class='ocrx_word' id='word_1_281' title='bbox 808 3408 1025 3485; x_wconf 86' lang='lat' dir='ltr'>praecedentia.</span> <span class='ocrx_word' id='word_1_282' title='bbox 1071 3409 1135 3470; x_wconf 78' lang='lat' dir='ltr'>Oet.</span> 
     </span>
     <span class='ocr_line' id='line_1_38' title="bbox 125 3496 322 3556; baseline -0.005 -1"><span class='ocrx_word' id='word_1_283' title='bbox 125 3496 161 3555; x_wconf 89' lang='lat' dir='ltr'>cf.</span> <span class='ocrx_word' id='word_1_284' title='bbox 185 3496 229 3556; x_wconf 93' lang='lat' dir='ltr'>ed.</span> <span class='ocrx_word' id='word_1_285' title='bbox 253 3496 322 3554; x_wconf 86' lang='lat' dir='ltr'>mai.</span> 
     </span>
    </p>
   </div>
   <div class='ocr_carea' id='block_1_3' title="bbox 0 0 1190 4028">
    <p class='ocr_par' dir='ltr' id='par_1_9' title="bbox 0 0 1190 4028">
     <span class='ocr_line' id='line_1_39' title="bbox 0 0 1190 4028; baseline 0 2"><span class='ocrx_word' id='word_1_286' title='bbox 0 0 1190 4028; x_wconf 95' lang='lat' dir='ltr'> </span> 
     </span>
    </p>
   </div>
  </div>
 </body>
</html>
