2370 4028
63 215 157 286 11111]
409 205 517 270 mana
534 217 581 271 ΠΙ.
954 219 993 282 71

148 357 177 442 I,
200 359 295 441 pedes
319 380 382 442 quo
406 363 437 423 te
460 360 590 443 rapiunt
613 364 645 424 et
668 382 775 444 aurae,

148 447 234 510 Dum
256 447 343 511 favet
364 447 440 512 Nox
462 452 495 512 et
517 446 640 532 Venus3
663 448 675 512 i
698 449 835 513 seeundo
962 465 995 513 50

149 533 275 618 Omine,
298 539 331 600 et
351 536 455 600 nostri
477 557 651 601 memorem
674 535 819 620 sepulcro

193 621 305 706 Soalpe
328 623 523 708 querellam?
576 667 578 671 -

412 802 571 812 ——-.-

457 921 529 986 XII.

63 1039 210 1101 erarumst
232 1058 334 1120 neque
358 1035 459 1099 amori
482 1036 557 1100 dare
579 1035 691 1099 ludum
708 1058 811 1120 neque
830 1036 916 1101 dulei
936 1034 940 1124 Ι

63 1148 72 1188 1
94 1125 169 1188 vino
192 1124 296 1188 lavere
320 1127 375 1188 aut
394 1123 567 1188 exanimari
586 1128 765 1189 metuentes
786 1123 790 1211 Ι
810 1129 941 1209 patruae

63 1235 120 1279 era
141 1212 278 1296 linguae.

85 1344 216 1428 qualum
236 1342 410 1426 Cythereae
433 1365 513 1427 puer
536 1343 614 1429 ales,
637 1344 699 1409 tibi
717 1344 797 1408 telas
813 1341 817 1430 Ι
833 1364 942 1427 opero·

64 1455 104 1496 ue
130 1432 293 1496 Minervae
321 1431 464 1496 studium
493 1432 609 1517 aufert,
636 1431 796 1516 Neobule,
821 1429 825 1519 Ι
849 1432 941 1516 Lipa-

76 1521 163 1584 nitor
184 1519 301 1603 Hebri,

63 1654 92 1718 ul
124 1657 237 1718 unctos
270 1652 430 1717 Tiberinis
462 1674 589 1717 umeros
621 1651 701 1716 lavit
732 1653 766 1717 in
797 1652 905 1736 undis,

63 1766 84 1806 is
117 1742 188 1825 ipso
219 1741 334 1805 melior
365 1739 626 1824 Bellerophonte,
658 1762 760 1824 neque
791 1761 901 1826 pugno

63 1852 89 1895 re
113 1830 203 1914 segni
226 1830 305 1914 pede
328 1829 447 1912 vietus,

63 1985 85 2026 is
114 1963 198 2026 idem
225 1984 283 2046 per
309 1964 454 2045 apertum
481 1961 641 2045 fugientes
668 1961 789 2045 agitato
815 1957 819 2047 Ι
844 1981 940 2045 grege
976 1978 994 2025 4

63 2071 97 2114 os
125 2048 257 2114 iaculari
283 2054 317 2115 et
343 2048 426 2114 oeler
453 2051 522 2112 arto
550 2048 730 2112 latitantem
760 2045 764 2135 Ι
791 2048 940 2114 fruticeto

63 2161 132 2224 pere
155 2159 276 2222 aprum.

410 2227 569 2235 ----

448 2345 537 2411 XIII.

147 2462 269 2528 Ofons
292 2462 484 2541 Bandusiae,
508 2461 704 2546 splendidior
726 2463 824 2545 vitm,

146 2551 242 2615 Duloi
265 2550 360 2636 digne
382 2573 469 2615 mero
493 2572 557 2614 non
581 2551 649 2614 sine
671 2550 818 2633 floribus,

192 2638 269 2703 Cras
292 2638 460 2703 donaberis
481 2638 598 2722 haedo,

236 2725 295 2791 Oui
318 2726 407 2791 frons
430 2727 559 2811 turgida
581 2726 731 2792 cornibus

146 2868 263 2934 Primis
287 2871 320 2932 et
341 2888 489 2931 venerem
512 2871 544 2932 et
566 2866 688 2951 proelia
711 2866 856 2930 destinat.
978 2883 993 2930 5

146 2956 293 3022 Frustra:
315 2976 390 3019 nam
413 2954 536 3039 gelidos
559 2955 680 3018 infioiet
703 2954 763 3017 tibi

190 3044 301 3109 Rubro
325 3044 480 3128 sanguine
502 3044 588 3107 rivos

235 3133 362 3197 Lasoiri
384 3131 511 3196 suboles
535 3131 651 3216 gregis.

146 3265 191 3329 Te
213 3263 379 3349 flagrantis
403 3267 495 3327 atrox
516 3263 596 3327 hora
619 3262 787 3328 Caniculae

145 3352 259 3420 Nescit
282 3356 425 3436 tangere,
448 3356 484 3415 tu
507 3351 609 3436 frigus
633 3351 768 3416 amabile
961 3368 994 3417 10

190 3439 297 3504 Fessis
319 3461 446 3505 vomere
469 3439 570 3504 tauris

234 3527 371 3592 Praebeo
395 3533 427 3593 et
448 3527 556 3613 peoori
578 3549 669 3613 vago.
