2370 4028
104 232 267 323 b-xm1.]
524 248 640 306 nmen.
1023 249 1086 314 127

74 416 102 462 ι
122 391 175 459 Ne
197 393 281 457 foret
304 392 452 476 aequales
474 393 559 457 inter
581 392 729 476 conviva,
751 392 854 477 magis
879 415 973 476 quem

74 504 104 565 ³¹?
168 481 328 566 Diligeret
350 480 467 546 mulier
489 503 547 545 sua
570 503 666 565 quam
688 485 730 544 te.

75 575 99 639 t
125 567 152 635 0
177 589 237 654 ego
260 591 325 635 non
348 569 440 653 felix,
464 590 560 654 quam
583 573 619 634 tu
641 569 742 654 iugis,
764 573 802 633 ut
824 573 919 652 pavet
942 590 1028 633 acres
1054 585 1087 633 25

74 666 102 744 ᾗ
168 658 265 741 Agna
285 657 380 742 lupos
404 678 597 743 capreaeque
619 656 758 723 leonesl'

74 777 95 820 s

74 860 101 906 ιτ

543 936 631 1004 XIII.

74 1042 223 1121 ”lemida
245 1057 420 1138 tempestas
443 1052 566 1118 caelum
589 1051 761 1135 contraxit,
784 1054 817 1116 et
838 1052 956 1116 imbres

82 1206 85 1213 ,
122 1140 288 1226 Nivesque
307 1141 467 1207 deducunt
485 1139 607 1226 Iovem,
626 1161 711 1205 nunc
727 1161 828 1224 mare,
846 1162 931 1205 nunc
949 1140 1049 1205 siluae

74 1218 228 1297 1lbseicio
252 1229 401 1314 aquilone
424 1233 548 1295 sonant.
588 1229 777 1313 Rapiamus,
801 1228 925 1312 †amici,

125 1316 333 1384 Occasionem
357 1317 395 1383 de
419 1318 484 1402 die,
506 1317 646 1401 dumque
669 1317 774 1381 virent
796 1335 901 1401 genua

91 1402 126 1473 dt
148 1406 252 1491 dccet,
275 1406 413 1471 obducta
434 1406 578 1471 solvatur
600 1405 706 1471 fronte
728 1408 883 1470 senectus.
1070 1421 1086 1469 5

124 1493 175 1559 uu
197 1495 273 1559 vine
294 1493 459 1579 Torquato
481 1516 574 1559 move
598 1493 726 1560 consule
749 1514 859 1576 pressa
880 1515 960 1557 meo.

89 1576 197 1651 terem
218 1583 311 1648 mitte
334 1582 437 1667 loqui:
460 1582 538 1648 deus
560 1581 638 1646 hoec
660 1581 795 1645 fortasse
818 1580 957 1665 benigna

79 1720 92 1747 ,.
123 1670 269 1736 Reducet
290 1672 325 1735 in
348 1670 454 1736 sedem
477 1671 554 1735 vice.
594 1668 690 1735 Nunc
712 1672 744 1733 et
766 1667 981 1733 Achaemenio

79 1748 235 1839 Perfundi
257 1759 357 1824 nardo
380 1759 470 1824 iuvat
491 1763 524 1824 et
545 1758 608 1823 fide
632 1756 781 1841 Cyllenea

86 1896 90 1905 .
124 1846 245 1912 Levare
269 1846 347 1912 diris
369 1851 499 1931 pectora
521 1845 803 1927 sollicitudinibus,
1053 1862 1086 1910 10

73 1928 211 2009 mobilis
234 1938 272 2000 ut
294 1935 409 2000 cecinit
431 1934 544 2021 grandi
568 1932 745 1999 Centaurus
767 1932 909 1998 alumno:

75 2076 87 2101 ,.
126 2022 274 2108 ‘Invicta
297 2023 443 2088 mortalis
467 2023 525 2088 dea
546 2027 620 2087 nate
642 2044 722 2107 puer
743 2021 890 2105 Thetide,

73 2106 127 2179 'Te
148 2116 257 2177 manet
278 2110 428 2176 Assmsci
450 2111 560 2195 tellus,
584 2133 680 2195 quam
701 2109 819 2195 frigida
840 2109 949 2193 †pervi

123 2198 269 2266 Findunt
292 2197 477 2265 Scamandri
499 2199 632 2264 fiumina
653 2199 797 2263 lubricus
820 2200 853 2263 et
876 2196 1006 2281 Simois,

75 2284 175 2355 *vnde
197 2288 258 2353 tibi
280 2287 418 2353 reditum
442 2292 533 2353 curto
556 2287 735 2352 subtemine
757 2285 875 2350 Parcae
1054 2301 1086 2349 15

77 2438 81 2449 ,
125 2376 268 2461 Rupere,
290 2398 349 2441 nec
371 2379 474 2441 mater
496 2375 627 2441 domum
650 2373 775 2439 caerula
796 2378 829 2439 te
851 2372 989 2438 revehet.

75 2460 154 2533 dllic
178 2486 271 2530 omne
294 2464 414 2529 malum
436 2464 512 2529 vino
535 2467 693 2547 cantuque
715 2462 834 2544 levato,

125 2553 289 2619 Deformis
313 2553 527 2638 aegrimoniae
550 2551 697 2616 dulcibus
720 2548 899 2634 adloquiis?

533 2831 638 2897 XIIII.

72 2990 78 3033 t
192 2947 302 3014 Mollis
324 2946 441 3014 inertia
462 2968 519 3011 cur
541 2950 664 3012 tantam
688 2947 852 3012 diffiiderit
872 2946 946 3011 imis

242 3035 443 3102 Oblivionem
466 3035 627 3120 sensibus,

74 3164 77 3169 ·
192 3124 313 3190 Pocula
333 3122 491 3189 Lethaeos
513 3127 551 3187 ut
573 3123 601 3187 si
624 3123 773 3188 ducentia
796 3143 924 3187 somnos

241 3211 362 3278 Arente
384 3212 475 3277 fauce
498 3213 665 3296 traxerim,

194 3300 333 3366 Candide
354 3299 536 3384 Maecenas,
559 3299 677 3364 occidis
700 3319 794 3383 saepe
817 3297 972 3384 rogando:
1072 3315 1087 3361 o

240 3388 343 3474 Deus,
365 3389 443 3454 deus
465 3409 540 3452 nam
562 3410 614 3452 mc
635 3391 724 3452 vetat

193 3476 357 3562 Inceptos,
379 3475 456 3541 olim
478 3476 673 3560 promissum
695 3497 836 3560 carmen,
858 3474 980 3540 iambos

240 3564 294 3631 Ad
315 3565 503 3630 umbilicum
527 3565 689 3630 adducere.
