2370 4028
352 674 849 775 CARMINVM

450 845 558 900 LIBER
575 845 737 902 TERTIVS.

583 1005 606 1072 I.

223 1127 285 1194 Odi
306 1130 476 1215 profanum
499 1130 614 1217 volgus
637 1135 670 1196 et
692 1153 793 1196 arceo.

221 1216 339 1283 Favete
361 1219 495 1304 linguis3
519 1219 659 1283 carmina
681 1240 746 1284 non
768 1221 863 1304 prius

266 1305 387 1370 Audita
409 1305 574 1371 Musarum
597 1306 744 1373 sacerdos

310 1393 500 1480 Virginibus
522 1395 694 1480 puerisque
716 1399 819 1460 canto.

221 1534 348 1621 Regum
371 1535 585 1600 timendorum
608 1536 642 1599 in
664 1536 813 1619 proprios
837 1557 963 1626 greges,

222 1621 270 1688 Re
294 1645 327 1688 es
350 1623 384 1688 in
408 1624 495 1707 ipsos
518 1623 721 1707 imperiumst
742 1621 845 1709 Iovis,

267 1644 353 1776 dlari
377 1709 533 1796 Giganteo
557 1711 735 1795 triumpho,

311 1799 433 1864 Cuncta
455 1799 625 1884 supercilio
648 1799 816 1864 moventis.

221 1940 283 2005 Est
305 1945 342 2006 ut
364 1940 433 2004 viro
456 1940 506 2004 vir
528 1940 626 2003 latius
649 1939 774 2003 ordinet

220 2026 364 2093 Arbusta
387 2027 497 2113 sulcis,
520 2027 573 2091 hic
596 2027 780 2112 generosior

264 2116 445 2181 Descendat
467 2116 501 2180 in
524 2138 672 2199 campum
694 2116 828 2201 petitor,

336 2202 481 2268 Moribus
503 2203 557 2268 hic
579 2202 756 2288 meliorque
777 2203 865 2269 fama

222 2343 413 2430 Contendat‚
435 2343 485 2408 illi
507 2344 603 2408 turba
625 2343 790 2408 clientium

222 2430 272 2499 Sit
294 2433 404 2497 maior.
445 2431 558 2515 Aequa
579 2431 650 2517 lege
673 2430 859 2498 Necessitas

269 2520 411 2586 Sortitur
433 2521 576 2605 insignes
600 2524 633 2584 et
655 2520 751 2605 imos3

309 2607 410 2674 Omne
432 2631 533 2692 capax
555 2612 663 2672 movet
685 2630 767 2672 urna
789 2631 919 2676 nomem

218 2748 400 2814 Destrictus
424 2749 509 2813 ensis
533 2749 584 2813 cui
607 2771 703 2833 super
725 2748 815 2832 inpia

221 2836 349 2903 cervice
371 2836 501 2922 pendet,
524 2858 588 2901 non
612 2836 737 2903 Siculae
761 2837 860 2921 dapes

212 2931 215 2936 ’
262 2926 398 2991 Dulcem
422 2925 631 2990 elaborabunt
654 2946 815 3010 saporem,

307 3013 383 3080 Non
406 3013 514 3077 avium
537 3012 741 3097 citharaeque
765 3017 879 3078 cantus

219 3151 375 3219 Somnum
397 3153 557 3219 reducent.
600 3153 738 3219 Somnus
762 3155 943 3239 agrestium

217 3240 315 3307 Lenis
338 3243 480 3307 virorum
503 3265 568 3307 non
590 3242 729 3307 humiles
753 3242 866 3307 domos

263 3329 402 3395 Fastidit
425 3332 672 3414 umbrosamque
695 3331 813 3415 ripam,

306 3417 383 3484 Non
406 3418 553 3503 zephyris
577 3420 700 3504 agitata
722 3424 835 3502 tempe.
