2370 4028
37 211 202 283 uir-xxi]
408 211 516 266 nmen
533 213 554 266 1.
763 229 764 233 κ
942 215 984 279 19

159 353 223 418 Hic
245 353 353 418 vivum
376 354 458 419 mihi
480 356 663 441 caespitem,
685 356 739 422 hic

205 440 382 527 Verbenas,
403 443 508 527 pueri3
529 445 639 528 ponite
661 450 796 530 turaque

138 529 225 596 Bimi
248 552 319 594 cum
342 534 452 615 patera
473 532 566 596 meri:
950 549 983 598 15

205 617 345 682 Mactata
366 620 473 684 ueniet
493 620 596 685 lenior
617 621 732 686 hostia

402 868 561 878 -——.—..

451 1066 519 1131 XX.

136 1189 227 1254 †Vile
249 1190 376 1274 potabis
399 1190 533 1255 modicis
557 1188 711 1255 Sabinum

136 1278 317 1362 CanthariS,
341 1277 460 1342 Graeca
482 1278 568 1362 quod
590 1299 649 1364 ego
671 1280 740 1363 ipse
763 1283 847 1344 testa

136 1365 307 1431 Conditum
329 1364 406 1450 levi,
429 1367 522 1430 datus
544 1367 578 1430 in
600 1366 725 1432 theatro

192 1453 272 1519 Cum
295 1454 356 1519 tibi
377 1454 521 1539 plausus,

136 1602 227 1668 Olera
249 1601 415 1667 Maecenas
438 1625 548 1688 eques,
570 1607 607 1667 ut
628 1605 754 1688 paterni
965 1619 982 1669 5

134 1691 292 1755 Fluminis
315 1692 403 1774 ripae
426 1692 523 1756 simul
545 1695 577 1755 et
598 1693 705 1756 iocosa

135 1779 293 1844 Redderet
313 1779 423 1844 laudes
445 1780 506 1844 tibi
528 1779 677 1845 Vaticani

192 1867 311 1932 Montis
334 1868 448 1952 imago.

136 2016 314 2082 Caecubum
338 2021 370 2081 et
391 2017 479 2101 prelo
503 2017 656 2081 domitam
679 2015 795 2082 Caleno
815 2058 816 2062 =
863 2044 865 2047 ·

135 2105 184 2170 Tu
207 2105 314 2170 nabes
337 2127 445 2169 uram:
468 2126 539 2169 mea
559 2126 618 2170 nec
639 2103 791 2170 Falernae
948 2123 982 2171 10

136 2192 344 2278 †Temperant
365 2193 447 2258 vites
470 2215 572 2277 neque
594 2193 756 2258 Formiani

191 2281 311 2346 Pocula
332 2281 437 2347 colles

441 2720 526 2786 XXI.

91 2845 228 2909 Dianam
250 2848 377 2910 tenerae
399 2845 670 2930 dicitevirgines,

90 2931 272 3017 Intonsum‚
294 2933 398 3016 pueri,
420 2932 514 2997 dicite
538 2931 711 3017 Cynthium

138 3021 355 3105 Latonamque
378 3042 526 3105 supremo

191 3108 349 3174 Dilectam
371 3110 498 3193 penitus
520 3108 597 3174 Ioui.

90 3258 158 3324 Vos
181 3259 297 3323 laetam
319 3259 426 3324 fluviis
450 3263 482 3324 et
504 3280 668 3324 nemorum
692 3280 794 3341 coma,
964 3275 980 3322 5

91 3347 314 3431 Quaecumque
338 3352 393 3412 aut
416 3347 520 3432 gelido
543 3347 702 3432 prominet
723 3345 855 3431 Algido,

138 3430 250 3521 Nigris
273 3439 329 3499 aut
349 3435 542 3520 Erymanthi
765 3462 767 3467 ’

193 3522 289 3588 Silvis
312 3529 368 3589 aut
389 3525 500 3589 viridis
523 3523 630 3610 Oragi3

787 3633 802 3680 2
808 3627 822 3657 Φ
