2370 4028
84 232 167 307 un]
436 232 545 288 creua
562 233 583 290 1.
952 234 1016 300 207

73 377 150 443 ‚dem
175 377 349 444 dormitum
373 377 557 442 dimittitur.
597 376 661 442 Hic
683 377 740 442 ubi
763 400 858 462 saepe

73 466 178 531 ultum
200 467 290 531 risus
313 467 479 531 decurrere
500 465 598 550 piscis
622 466 662 530 ad
684 464 830 550 hamum,

73 576 104 619 re
127 555 226 620 cliens
249 558 281 619 et
303 555 367 619 iam
391 558 497 620 certus
521 554 667 638 conviva,
690 554 819 619 iubetur
1037 570 1072 620 75

73 664 99 707 a
120 643 303 708 suburbana
325 642 455 708 indictis
478 663 583 707 comes
606 642 653 708 ire
675 641 810 706 Latinis.

73 732 172 797 >situs
194 731 320 795 mannis
344 752 456 795 arvum
479 731 664 815 caelumque
688 728 843 795 Sabinum

73 845 79 882 ι
107 824 210 885 cessat
232 819 371 884 laudare.
412 818 511 884 Videt
532 818 678 904 ridetque
701 817 886 903 Philippus,

73 908 139 972 sibi
162 907 238 972 dum
260 907 417 992 requiem,
441 907 517 971 dum
540 907 625 971 risus
648 906 789 991 undique
814 908 951 993 quaerit,

73 1018 96 1060 n
118 1000 242 1080 septem
266 996 364 1061 donat
386 996 547 1079 sestertia,
568 1000 682 1060 mutua
704 999 828 1079 septem
1037 1010 1073 1060 80

73 1085 189 1168 mittit,
211 1084 383 1168 persuadet
404 1084 453 1148 uti
476 1087 635 1148 mercetur
658 1082 806 1168 agellum.

73 1177 178 1237 *estun
217 1170 269 1237 Ne
292 1176 325 1237 te
346 1172 454 1257 longis
477 1172 666 1258 ambagibus
690 1172 777 1236 ultra

73 1283 114 1325 un
136 1260 217 1326 satis
240 1263 290 1325 est
311 1282 430 1326 morer:
453 1283 494 1324 ex
515 1260 618 1324 nitido
641 1260 681 1324 fit
703 1261 843 1325 rusticus
867 1264 962 1345 atque

73 1370 123 1414 rcs
145 1353 179 1414 et
200 1349 310 1414 vineta
332 1353 441 1432 crepat
462 1370 563 1432 mera,
585 1352 756 1432 praeparat
777 1347 896 1434 ulmos,

73 1438 187 1503 rentur
208 1437 325 1502 studiis
348 1441 381 1502 et
404 1457 511 1501 amore
535 1437 673 1502 senescit
694 1435 842 1501 habendi.
1037 1450 1072 1500 85

73 1547 131 1590 um
153 1525 211 1590 ubi
234 1547 309 1591 oves
331 1525 433 1609 furto,
455 1525 568 1589 morbo
591 1525 714 1609 periere
738 1525 891 1610 capellae,

73 1635 107 1678 rn
129 1613 266 1679 mentita
287 1634 393 1699 seges,
415 1613 474 1678 bos
498 1617 547 1678 est
570 1617 700 1678 enectus
723 1612 855 1678 arando:

73 1723 158 1768 susus
183 1702 307 1766 damnis
329 1700 435 1766 media
458 1701 496 1766 de
519 1705 613 1766 nocte
636 1700 794 1766 caballum

73 1791 135 1874 ipit
157 1791 322 1875 iratusque
344 1789 490 1874 Philippi
512 1789 616 1855 tendit
639 1789 679 1853 ad
701 1790 802 1854 aedes.

73 1899 113 1943 em
135 1879 234 1943 simul
256 1878 403 1962 adspexit
424 1878 572 1942 scabrum
590 1878 818 1961 intonsumque
836 1877 1019 1964 Philippus,
1038 1893 1073 1942 90

73 1967 151 2051 uus',
174 1967 234 2051 eit,
257 1965 393 2050 ‘Voltei,
415 1966 512 2030 nimis
535 1969 741 2050 attentusque
764 1965 882 2030 videris

73 2075 94 2117 ie
114 2055 216 2120 mihi'
258 2053 343 2139 ‘Pol,
365 2075 417 2119 me
440 2054 607 2139 miserum,
630 2058 777 2138 patrone,
798 2074 942 2138 vocares,

73 2143 180 2208 velles'
203 2143 311 2227 inquit
333 2143 457 2208 ‘verum
478 2141 560 2206 mihi
581 2163 700 2226 ponere
722 2163 848 2206 nomen.

73 2229 104 2294 >d
125 2236 158 2297 te
180 2253 239 2316 per
263 2229 399 2297 Genium
423 2231 631 2315 dextramque
655 2230 793 2315 deosque
814 2228 951 2295 Penates

73 2337 151 2386 recro
175 2323 209 2384 et
232 2319 390 2404 obtestor,
412 2319 498 2384 vitae
520 2340 572 2383 me
594 2318 691 2383 redde
713 2317 839 2403 priori?
1038 2332 1072 2381 ec

96 2408 196 2474 semel
218 2407 378 2492 adspexit,
401 2410 557 2491 quantum
581 2407 712 2471 dimissa
733 2407 844 2490 petitis

73 2501 190 2581 estant,
213 2501 339 2561 mature
362 2496 471 2561 redeat
493 2498 681 2579 repetatque
704 2494 824 2559 relicta.

73 2580 176 2651 iriae
200 2606 358 2670 quemque
382 2605 440 2648 suc
463 2582 594 2648 modulo
617 2604 654 2648 ac
676 2582 757 2668 pede
778 2586 930 2647 verumst

433 2771 593 2781 ——-—

470 2899 560 2965 VIII.

73 3045 103 3090 0
126 3025 265 3111 gaudere
288 3029 322 3091 et
343 3026 424 3091 bene
448 3046 517 3089 rem
540 3044 650 3109 gerere
673 3021 876 3089 Albinovano

76 3133 104 3178 a
125 3118 239 3200 rogata
261 3114 358 3198 refer,
382 3113 494 3179 comiti
517 3113 703 3196 scribaeque
726 3110 874 3178 Neronis.

73 3206 201 3284 quaeret
220 3202 298 3287 quid
320 3223 427 3288 agam,
451 3201 503 3266 dic
520 3201 624 3265 multa
642 3205 675 3265 et
691 3199 827 3284 pulchra
843 3201 1020 3266 minantem

73 3307 126 3356 ere
148 3312 208 3356 nec
230 3294 315 3355 recte
338 3312 397 3355 nec
419 3289 573 3372 suaviter,
595 3288 682 3353 haud
705 3289 781 3372 quia
803 3289 924 3374 grando

73 3379 201 3445 tnderit
223 3379 306 3444 vites
329 3378 472 3443 cleamve
495 3377 705 3443 momorderIt
728 3381 847 3462 aestus,
1057 3392 1072 3441 c

102 3469 177 3552 quia
198 3467 385 3553 longinquis
408 3470 588 3531 armentum
612 3469 757 3550 aegrotet
779 3466 813 3530 in
836 3466 936 3551 agris3

96 3557 171 3640 quia
193 3560 301 3622 mente
324 3555 431 3621 minus
454 3554 580 3619 validus
603 3575 700 3639 quam
723 3576 854 3638 corpore
877 3557 948 3619 tote
