2370 4028
315 262 424 319 umus
440 264 462 319 1.
728 228 731 232 ’
826 265 890 330 211

70 429 102 472 os
126 410 251 472 exercet
274 407 403 472 inertia:
426 407 562 472 navibus
586 410 681 491 atque
806 463 808 467 Α

75 495 216 579 petimus
238 495 320 560 bene
342 495 458 560 vivere.
500 494 592 570 Quod
614 496 713 580 petis,
734 494 789 561 hic
811 500 874 582 est,

70 585 113 669 is,
136 583 262 648 animus
286 583 314 648 si
337 587 370 648 te
392 605 458 648 non
481 583 590 649 deficit
612 605 741 667 aequus.
910 601 945 650 30

352 897 417 964 XII

75 1021 260 1109 mgrippae
284 1021 414 1107 Siculis,
437 1044 517 1107 quos
541 1022 680 1109 colligis,
702 1020 781 1108 Ioci,

71 1113 181 1196 rueris,
203 1132 269 1175 non
291 1115 341 1176 est
363 1115 400 1176 ut
423 1111 516 1195 copia
536 1111 640 1176 maior

72 1200 167 1265 ‚oneri
188 1199 293 1284 possit
315 1199 384 1263 tibi.
425 1198 516 1264 Tolle
539 1199 710 1284 querellas3

72 1289 115 1353 im
137 1309 202 1353 non
226 1291 287 1372 est,
311 1287 362 1352 cui
384 1309 491 1352 rerum
514 1288 658 1372 suppetit
680 1309 766 1353 usus.

72 1377 162 1460 bene,
185 1376 214 1441 si
235 1375 362 1441 leterist
382 1375 580 1460 pedibusque
603 1376 683 1460 tuis,
705 1376 753 1440 nil
926 1392 942 1442 5

72 1468 197 1529 oterunt
219 1463 344 1549 regales
366 1464 479 1528 addere
502 1465 614 1528 maius.

72 1552 211 1618 rmedio
233 1552 412 1637 positorum
435 1552 610 1617 abstemius
631 1551 740 1617 herbis

72 1641 169 1725 rtica,
192 1640 240 1705 sic
261 1640 351 1706 vives
372 1640 535 1724 protinus,
557 1644 595 1704 ut
617 1643 650 1705 te

72 1764 76 1794 ι
99 1728 242 1814 liquidus
264 1727 425 1793 Fortunae
448 1728 537 1794 rivus
559 1729 698 1812 inauret,

73 1821 212 1882 naturam
234 1821 359 1881 mutere
381 1816 517 1902 pecunia
537 1816 654 1900 nescit,
908 1834 941 1883 10

73 1909 178 1971 cuncta
199 1909 295 1989 putas
316 1927 381 1969 nna
402 1904 523 1970 virtute
544 1905 677 1970 minora.

72 1993 101 2059 si
123 1993 301 2059 Democriti
323 2015 420 2077 pecus
444 1993 510 2058 edit
533 1993 653 2078 agellos

75 2081 151 2146 dum
174 2085 339 2166 peregrest
361 2081 487 2146 animus
510 2082 578 2146 sine
601 2102 731 2164 corpore
753 2079 868 2145 velox?

73 2172 129 2234 :ter
151 2169 291 2236 scabiem
314 2173 437 2234 tantam
461 2174 493 2235 et
516 2170 664 2255 contagia
685 2169 767 2233 lucri

73 2281 97 2322 n
120 2258 225 2343 sapias
249 2262 282 2323 et
304 2257 408 2323 adhuc
430 2257 581 2322 sublimia
603 2279 706 2322 cures:
906 2273 938 2323 15

74 2372 79 2409 ι
102 2349 295 2431 conpescant
317 2367 443 2430 causae,
466 2345 543 2430 quid
566 2349 722 2429 temperet
744 2367 875 2430 annum,

74 2438 138 2500 >nte
161 2456 220 2499 sua
242 2435 387 2500 iussaene
409 2437 567 2518 vagentur
589 2438 622 2498 et
644 2438 763 2518 errent,

74 2527 113 2587 iet
136 2522 307 2588 obscurum
329 2522 452 2607 Lunae,
476 2521 553 2606 quid
575 2521 717 2605 proferat
739 2521 862 2606 orbem,

89 2615 122 2676 et
144 2611 248 2694 possit
269 2632 376 2675 rerum
399 2609 567 2675 concordia
590 2609 724 2694 discors,

76 2722 91 2764 s
115 2719 156 2762 en
180 2698 370 2764 Stertinium
393 2698 506 2763 deliret
529 2719 669 2762 acumen.
905 2715 939 2764 20

74 2809 81 2851 ι
104 2787 208 2871 pisces
231 2808 288 2851 seu
310 2808 441 2871 porrum
465 2790 498 2852 et
520 2808 615 2871 caepe
637 2785 791 2869 trucidas,

75 2875 155 2958 rpeio
180 2873 327 2959 Grospho
351 2879 396 2959 et,
418 2874 526 2960 siquid
546 2878 648 2959 petet,
670 2874 756 2938 ultro

83 2961 249 3047 Grosphus
271 2963 335 3028 nisi
357 2985 468 3027 verum
492 2963 596 3028 orabit
618 2966 651 3027 et
673 2983 819 3046 aequum.

75 3055 196 3116 orumst
217 3073 355 3135 annona,
377 3051 471 3115 bonis
493 3051 550 3116 ubi
573 3050 651 3135 quid
674 3049 752 3116 dest.

83 3141 224 3225 ignores,
248 3160 311 3225 quo
335 3139 378 3204 sit
399 3139 546 3204 Romana
567 3138 638 3204 loco
660 3161 727 3204 res:
905 3154 937 3204 25

75 3228 237 3313 lgrippae,
261 3227 373 3293 Claudi
395 3228 515 3293 virtute
537 3225 676 3292 Neronis
888 3232 890 3237 '

75 3317 201 3402 cecidit3
224 3317 275 3381 ius
298 3315 531 3401 imperiumque
553 3314 731 3379 Phrahetes

76 3406 169 3490 acepit
192 3405 327 3490 genibus
349 3405 468 3489 minor3
492 3425 588 3468 aurea
610 3403 719 3488 fruges

76 3516 108 3559 10
133 3493 279 3558 defundit
301 3492 400 3578 (lopia
422 3513 530 3558 cornu.

302 3618 462 3630 -——

673 3682 724 3736 14*
