2370 4028
144 226 208 291 194
442 223 666 279 sarvnmvu
684 223 792 278 11111
806 224 840 278 n.
1056 225 1134 298 [vni]

143 369 206 436 Sed
228 368 455 453 convivatoris,
477 369 526 433 uti
550 368 651 452 ducis,
674 367 839 454 ingenim
862 390 915 433 res

141 457 303 523 Advorsae
327 456 448 522 nudare
471 456 588 541 solent,
611 457 713 521 celare
735 457 916 521 secundae?

90 564 123 614 75
140 546 334 612 Nasidienus
358 545 510 610 adhaec:
534 545 606 609 ‘tibi
629 545 675 628 di,
698 564 917 629 quaecumque
941 546 1088 629 preceris,

143 634 317 700 Commoda
339 634 427 699 dont:
450 634 497 698 ita
518 634 693 698 virbonus
716 655 750 698 cs
773 633 975 717 convivaque
998 634 1111 717 comis';

141 723 186 787 Et
208 723 311 788 soleas
334 722 446 806 poscit.
487 720 570 786 Tum
593 721 732 786 inlecto
755 742 884 806 quoque
906 721 1034 787 videres

142 810 283 876 Stridore
306 814 427 875 secreta
450 808 569 874 divisos
593 831 668 874 aure
690 809 860 875 susurros.2

142 898 270 966 ‘Nullos
292 898 344 963 his
367 897 496 962 mallem
518 896 611 962 ludos
635 901 807 983 spectasse,
830 897 888 962 sed
911 897 971 962 illa

88 1005 123 1053 9ο
141 987 263 1071 Redde,
286 1008 358 1071 age,
381 1007 461 1070 quae
485 986 633 1071 deinceps
655 986 778 1051 risisti.2
819 983 985 1050 ‘Vibidius
1008 987 1075 1050 dum
1142 1036 1144 1055 .

143 1074 274 1152 Quaerit
297 1075 335 1140 dc
358 1075 480 1158 pueris,
502 1096 579 1138 num
603 1074 646 1138 sit
669 1095 795 1159 quoque
817 1073 921 1139 fracta
944 1074 1081 1160 lagoena,

143 1162 235 1240 Quod
258 1162 321 1227 sibi
342 1163 488 1247 poscenti
510 1184 576 1227 non
598 1162 714 1226 dantur
735 1161 865 1246 pocula,
888 1163 1027 1249 dumque

141 1251 278 1316 Ridetur
302 1251 384 1316 fictis
406 1273 514 1316 rerum
535 1249 706 1315 Balatrone
729 1249 883 1334 secundo,

140 1338 327 1423 Nasidienc,
349 1340 434 1404 redis
456 1342 598 1403 mutatae
619 1338 749 1422 frontis,
771 1341 809 1402 ut
831 1342 901 1404 arte

88 1446 123 1495 91
141 1427 379 1493 Emendaturus
400 1427 577 1512 fortunam,
600 1426 712 1491 deinde
735 1426 838 1492 secuti

140 1515 329 1581 Mazonomo
352 1516 443 1599 pueri
465 1535 582 1600 magno
606 1515 765 1598 discerpta
785 1514 927 1580 ferentes

140 1604 285 1669 Membra
307 1604 396 1690 gruis
420 1604 523 1689 sparsi
546 1602 611 1668 sale
632 1602 750 1687 multo,
771 1624 837 1667 non
860 1603 930 1668 sine
953 1602 1042 1687 farre,

140 1692 319 1777 Pinguibus
343 1696 375 1757 et
396 1693 466 1756 ficis
488 1696 617 1776 pastum
640 1691 727 1756 iecur
749 1691 871 1756 anseris
894 1691 986 1756 albae

140 1781 185 1845 Et
206 1780 352 1865 leporum
375 1780 516 1864 avulsos,
538 1783 575 1845 ut
597 1778 699 1845 multo
722 1779 867 1865 suavius,
890 1801 1008 1863 armos,

88 1888 122 1936 9ο
142 1868 244 1946 Quam
269 1869 297 1933 si
324 1890 397 1933 cum
419 1867 538 1932 lumbis
561 1867 633 1952 quis
656 1867 729 1933 edit.
775 1866 858 1931 'I‘um
881 1871 1008 1953 pectore
1026 1863 1102 1929 adab

140 1956 290 2022 Vidimus
314 1961 346 2021 et
368 1956 506 2038 merulas
528 1956 607 2040 poni
629 1960 661 2020 et
683 1955 753 2021 sine
776 1954 869 2020 clune
891 1955 1058 2040 palumbes,

142 2044 261 2110 Suavcs
284 2067 349 2129 res,
371 2046 400 2108 si
422 2067 487 2110 non
510 2065 620 2109 causas
643 2047 786 2108 narraret
809 2065 919 2108 earum
943 2048 976 2109 ct

139 2133 281 2199 Naturos
305 2133 465 2218 dominus,
489 2154 583 2217 quem
605 2153 664 2197 nos
688 2131 734 2197 sic
755 2131 899 2216 fugimus
922 2131 996 2217 ulti,

73 2246 76 2256 ·
140 2221 187 2287 Vt
208 2221 291 2285 nihil
313 2221 443 2285 omnino
467 2224 682 2306 gustaremus,
705 2219 793 2284 velut
815 2219 882 2284 illis

88 2328 121 2376 95
141 2309 273 2375 Canidia
295 2309 444 2374 adflassct
465 2309 556 2394 peior
577 2308 778 2393 serpentibus
801 2305 912 2373 Afris?
