2370 4028
494 197 690 252 cmmnvu
956 200 1036 274 [an

221 341 323 419 Quam
345 363 403 405 nec
425 341 508 405 ferre
530 341 644 425 pedem
667 340 819 406 dedecuit
843 343 960 410 choris

219 430 288 495 Nec
310 434 431 494 certare
452 430 522 493 ioco
546 451 603 493 nee
627 429 701 493 dare
723 429 886 496 bracchia

219 519 396 583 Ludentem
419 517 530 581 nitidis
552 517 732 602 virginibus
756 540 852 584 sacro

263 607 385 671 Dianae
409 606 543 675 celebris
567 607 625 669 die.

219 755 307 822 Num
329 759 365 819 tu
389 778 469 839 quae
492 755 597 819 tenuit
620 754 709 818 dives
730 752 962 823 Achaemenes

219 844 287 909 Aut
309 844 439 927 pinguis
460 843 622 928 Phrygiae
644 841 840 927 Mygdonias
865 867 949 930 opes

219 933 405 997 Permutare
428 932 507 997 velis
531 932 617 995 crine
639 930 849 1014 Licymniae?
871 942 882 961 '

262 1020 378 1085 Plenas
402 1026 457 1085 aut
479 1020 623 1084 Arabum
647 1019 772 1102 domos,

220 1169 300 1234 Cum
323 1170 492 1254 flagrantia
515 1169 683 1254 detorquet
706 1170 746 1233 ad
769 1171 882 1235 oscula

222 1257 396 1342 Cervicem,
419 1262 475 1321 aut
497 1257 584 1321 facili
608 1257 741 1321 saevitia
762 1264 876 1343 negat,

124 1406 128 1411 .
221 1346 307 1422 Quae
330 1351 480 1430 poscente
503 1346 606 1430 magis
630 1346 767 1430 gaudeat
789 1347 889 1433 eripi,

264 1433 428 1498 Interdum
451 1456 561 1518 rapere
585 1433 740 1517 occupet?

511 1682 670 1691 ——..——-

549 1881 638 1947 XHI.

198 2005 274 2070 ulle
297 2010 330 2070 et
352 2005 475 2070 nefasto
498 2009 530 2069 te
553 2007 661 2090 posuit
685 2007 748 2090 die,

199 2095 397 2176 Quicumque
419 2094 572 2178 primum,
595 2099 628 2158 et
650 2095 804 2180 sacrilega
825 2118 928 2162 manu

241 2181 412 2264 Produxit,
435 2183 542 2266 arbos,
565 2182 599 2246 in
621 2187 774 2266 nepotum

285 2268 463 2333 Perniciem
486 2271 756 2354 opprobriumque
778 2272 868 2357 pagi3

105 2438 120 2486 ε
193 2418 290 2484 Illum
313 2422 345 2482 et
367 2420 508 2502 parentis
533 2420 719 2485 crediderim
742 2419 793 2484 sui

88 3433 121 3480 15

196 2507 344 2593 Fregisse
366 2507 521 2571 cervicem
544 2511 577 2572 et
598 2508 774 2591 penetralia

243 2595 404 2680 Sparsisse
427 2599 582 2660 nocturno
607 2618 717 2679 cruore

285 2682 446 2768 Hospitis3
470 2683 524 2747 ille
547 2707 669 2748 venena
692 2683 809 2748 Colcha

196 2833 241 2899 nt
264 2832 419 2918 quidquid
441 2855 576 2917 usquam
599 2834 778 2918 concipitur
799 2833 890 2898 nefas

197 2922 373 3005 dractavit,
397 2943 473 3006 agro
497 2922 552 3006 qui
575 2923 690 2986 statuit
712 2943 782 2985 meo

241 3009 286 3074 Te
308 3011 401 3074 triste
423 3010 561 3094 lignum,
584 3015 616 3075 te
640 3009 793 3075 caducum

285 3096 324 3162 In
347 3098 468 3162 domini
491 3102 586 3181 caput
608 3098 802 3164 inmerentis.

198 3238 282 3316 Quid
305 3238 440 3323 quisque
462 3239 556 3323 vitet,
577 3261 752 3322 numquam
773 3237 898 3303 homini
922 3241 1004 3305 satis

199 3326 367 3391 Cautumst
389 3328 423 3390 in
445 3327 554 3391 horas:
577 3327 685 3391 navita
706 3325 912 3409 Bosphorum

242 3414 374 3497 Thynus
397 3415 610 3498 perhorrescit
632 3437 734 3498 neque
758 3413 844 3477 ultra

287 3501 386 3566 Caeca
408 3503 540 3568 timetve
564 3503 691 3567 aliunde
713 3502 793 3585 fata,
