<?xml version="1.0" encoding="UTF-8"?>
<!DOCTYPE html PUBLIC "-//W3C//DTD XHTML 1.0 Transitional//EN"
    "http://www.w3.org/TR/xhtml1/DTD/xhtml1-transitional.dtd">
<html xmlns="http://www.w3.org/1999/xhtml" xml:lang="en" lang="en">
 <head>
  <title>
</title>
<meta http-equiv="Content-Type" content="text/html;charset=utf-8" />
  <meta name='ocr-system' content='tesseract 3.04.00' />
  <meta name='ocr-capabilities' content='ocr_page ocr_carea ocr_par ocr_line ocrx_word'/>
</head>
<body>
  <div class='ocr_page' id='page_1' title='image "./qhoratiusflacci01horagoog_0192.png"; bbox 0 0 2370 4028; ppageno 0'>
   <div class='ocr_carea' id='block_1_1' title="bbox 459 526 563 594">
    <p class='ocr_par' dir='ltr' id='par_1_1' title="bbox 459 526 563 594">
     <span class='ocr_line' id='line_1_1' title="bbox 459 526 563 594; baseline -0.019 0"><span class='ocrx_word' id='word_1_1' title='bbox 459 526 563 594; x_wconf 89' lang='lat' dir='ltr'>XVII.</span> 
     </span>
    </p>
   </div>
   <div class='ocr_carea' id='block_1_2' title="bbox 88 650 1008 3713">
    <p class='ocr_par' dir='ltr' id='par_1_2' title="bbox 88 650 1008 3713">
     <span class='ocr_line' id='line_1_2' title="bbox 95 650 792 736; baseline -0.004 -17"><span class='ocrx_word' id='word_1_2' title='bbox 95 653 174 719; x_wconf 75' lang='lat' dir='ltr'>‘Iam</span> <span class='ocrx_word' id='word_1_3' title='bbox 198 653 262 717; x_wconf 87' lang='lat' dir='ltr'>iam</span> <span class='ocrx_word' id='word_1_4' title='bbox 286 652 406 716; x_wconf 87' lang='lat' dir='ltr'>efficaci</span> <span class='ocrx_word' id='word_1_5' title='bbox 429 652 469 716; x_wconf 93' lang='lat' dir='ltr'>do</span> <span class='ocrx_word' id='word_1_6' title='bbox 492 673 606 715; x_wconf 91' lang='lat' dir='ltr'>manus</span> <span class='ocrx_word' id='word_1_7' title='bbox 629 650 792 736; x_wconf 75' lang='lat' dir='ltr'>scientiae,</span> 
     </span>
     <span class='ocr_line' id='line_1_3' title="bbox 96 737 817 826; baseline -0.006 -18"><span class='ocrx_word' id='word_1_8' title='bbox 96 741 238 826; x_wconf 86' lang='lat' dir='ltr'>Supplex</span> <span class='ocrx_word' id='word_1_9' title='bbox 261 745 293 804; x_wconf 90' lang='lat' dir='ltr'>et</span> <span class='ocrx_word' id='word_1_10' title='bbox 315 762 371 804; x_wconf 91' lang='lat' dir='ltr'>oro</span> <span class='ocrx_word' id='word_1_11' title='bbox 394 760 493 824; x_wconf 81' lang='lat' dir='ltr'>regna</span> <span class='ocrx_word' id='word_1_12' title='bbox 515 761 572 823; x_wconf 92' lang='lat' dir='ltr'>per</span> <span class='ocrx_word' id='word_1_13' title='bbox 594 737 817 823; x_wconf 84' lang='lat' dir='ltr'>Proserpinae,</span> 
     </span>
     <span class='ocr_line' id='line_1_4' title="bbox 93 828 786 912; baseline -0.006 -17"><span class='ocrx_word' id='word_1_14' title='bbox 93 829 156 895; x_wconf 90' lang='lat' dir='ltr'>Per</span> <span class='ocrx_word' id='word_1_15' title='bbox 178 834 210 894; x_wconf 90' lang='lat' dir='ltr'>ct</span> <span class='ocrx_word' id='word_1_16' title='bbox 231 828 354 893; x_wconf 86' lang='lat' dir='ltr'>Dianae</span> <span class='ocrx_word' id='word_1_17' title='bbox 376 850 441 892; x_wconf 94' lang='lat' dir='ltr'>non</span> <span class='ocrx_word' id='word_1_18' title='bbox 463 828 620 892; x_wconf 83' lang='lat' dir='ltr'>movenda</span> <span class='ocrx_word' id='word_1_19' title='bbox 641 828 786 912; x_wconf 90' lang='lat' dir='ltr'>numina,</span> 
     </span>
     <span class='ocr_line' id='line_1_5' title="bbox 92 915 794 1001; baseline -0.003 -19"><span class='ocrx_word' id='word_1_20' title='bbox 92 917 156 983; x_wconf 88' lang='lat' dir='ltr'>Per</span> <span class='ocrx_word' id='word_1_21' title='bbox 178 921 274 1001; x_wconf 84' lang='lat' dir='ltr'>atque</span> <span class='ocrx_word' id='word_1_22' title='bbox 296 916 396 981; x_wconf 89' lang='lat' dir='ltr'>libros</span> <span class='ocrx_word' id='word_1_23' title='bbox 420 916 596 980; x_wconf 90' lang='lat' dir='ltr'>carminum</span> <span class='ocrx_word' id='word_1_24' title='bbox 619 915 794 980; x_wconf 85' lang='lat' dir='ltr'>valentium</span> 
     </span>
     <span class='ocr_line' id='line_1_6' title="bbox 92 1003 1008 1087; baseline -0.001 -17"><span class='ocrx_word' id='word_1_25' title='bbox 92 1006 207 1070; x_wconf 84' lang='lat' dir='ltr'>Refixa</span> <span class='ocrx_word' id='word_1_26' title='bbox 229 1004 315 1070; x_wconf 89' lang='lat' dir='ltr'>caelo</span> <span class='ocrx_word' id='word_1_27' title='bbox 340 1005 491 1068; x_wconf 87' lang='lat' dir='ltr'>devocare</span> <span class='ocrx_word' id='word_1_28' title='bbox 514 1003 630 1087; x_wconf 89' lang='lat' dir='ltr'>sidera,</span> <span class='ocrx_word' id='word_1_29' title='bbox 992 1019 1008 1069; x_wconf 75' lang='lat' dir='ltr'>a</span> 
     </span>
     <span class='ocr_line' id='line_1_7' title="bbox 93 1091 782 1177; baseline -0.003 -19"><span class='ocrx_word' id='word_1_30' title='bbox 93 1093 238 1177; x_wconf 79' lang='lat' dir='ltr'>Canidia,</span> <span class='ocrx_word' id='word_1_31' title='bbox 260 1114 354 1177; x_wconf 87' lang='lat' dir='ltr'>parce</span> <span class='ocrx_word' id='word_1_32' title='bbox 376 1092 509 1157; x_wconf 87' lang='lat' dir='ltr'>vocibus</span> <span class='ocrx_word' id='word_1_33' title='bbox 531 1092 660 1156; x_wconf 87' lang='lat' dir='ltr'>tandem</span> <span class='ocrx_word' id='word_1_34' title='bbox 683 1091 782 1156; x_wconf 87' lang='lat' dir='ltr'>sacris</span> 
     </span>
     <span class='ocr_line' id='line_1_8' title="bbox 93 1179 806 1266; baseline -0.006 -19"><span class='ocrx_word' id='word_1_35' title='bbox 93 1181 264 1266; x_wconf 78' lang='lat' dir='ltr'>(litumque</span> <span class='ocrx_word' id='word_1_36' title='bbox 287 1184 372 1245; x_wconf 89' lang='lat' dir='ltr'>retro</span> <span class='ocrx_word' id='word_1_37' title='bbox 397 1180 498 1264; x_wconf 87' lang='lat' dir='ltr'>solve,</span> <span class='ocrx_word' id='word_1_38' title='bbox 521 1180 609 1244; x_wconf 81' lang='lat' dir='ltr'>solve</span> <span class='ocrx_word' id='word_1_39' title='bbox 631 1179 806 1244; x_wconf 74' lang='lat' dir='ltr'>turbinem!</span> 
     </span>
     <span class='ocr_line' id='line_1_9' title="bbox 91 1267 739 1354; baseline -0.008 -18"><span class='ocrx_word' id='word_1_40' title='bbox 91 1270 197 1336; x_wconf 85' lang='lat' dir='ltr'>Movit</span> <span class='ocrx_word' id='word_1_41' title='bbox 218 1273 367 1354; x_wconf 78' lang='lat' dir='ltr'>nepotem</span> <span class='ocrx_word' id='word_1_42' title='bbox 390 1268 550 1353; x_wconf 81' lang='lat' dir='ltr'>Telephus</span> <span class='ocrx_word' id='word_1_43' title='bbox 572 1267 739 1351; x_wconf 90' lang='lat' dir='ltr'>Nereium,</span> 
     </span>
     <span class='ocr_line' id='line_1_10' title="bbox 91 1356 764 1442; baseline -0.006 -18"><span class='ocrx_word' id='word_1_44' title='bbox 91 1357 131 1424; x_wconf 94' lang='lat' dir='ltr'>In</span> <span class='ocrx_word' id='word_1_45' title='bbox 154 1380 249 1442; x_wconf 90' lang='lat' dir='ltr'>quem</span> <span class='ocrx_word' id='word_1_46' title='bbox 272 1356 429 1442; x_wconf 92' lang='lat' dir='ltr'>superbus</span> <span class='ocrx_word' id='word_1_47' title='bbox 452 1357 614 1421; x_wconf 87' lang='lat' dir='ltr'>ordinarat</span> <span class='ocrx_word' id='word_1_48' title='bbox 637 1356 764 1440; x_wconf 76' lang='lat' dir='ltr'>agmina</span> 
     </span>
     <span class='ocr_line' id='line_1_11' title="bbox 91 1444 1008 1531; baseline -0.003 -19"><span class='ocrx_word' id='word_1_49' title='bbox 91 1446 259 1531; x_wconf 79' lang='lat' dir='ltr'>Mysorum</span> <span class='ocrx_word' id='word_1_50' title='bbox 281 1448 314 1510; x_wconf 94' lang='lat' dir='ltr'>et</span> <span class='ocrx_word' id='word_1_51' title='bbox 336 1445 369 1509; x_wconf 97' lang='lat' dir='ltr'>in</span> <span class='ocrx_word' id='word_1_52' title='bbox 393 1467 487 1529; x_wconf 92' lang='lat' dir='ltr'>quem</span> <span class='ocrx_word' id='word_1_53' title='bbox 510 1444 576 1509; x_wconf 88' lang='lat' dir='ltr'>tela</span> <span class='ocrx_word' id='word_1_54' title='bbox 597 1447 691 1509; x_wconf 87' lang='lat' dir='ltr'>acuta</span> <span class='ocrx_word' id='word_1_55' title='bbox 714 1446 856 1509; x_wconf 85' lang='lat' dir='ltr'>torserat.</span> <span class='ocrx_word' id='word_1_56' title='bbox 974 1459 1008 1509; x_wconf 87' lang='lat'>10</span> 
     </span>
     <span class='ocr_line' id='line_1_12' title="bbox 90 1531 726 1600; baseline -0.006 0"><span class='ocrx_word' id='word_1_57' title='bbox 90 1534 220 1600; x_wconf 85' lang='lat' dir='ltr'>anere</span> <span class='ocrx_word' id='word_1_58' title='bbox 242 1537 360 1599; x_wconf 89' lang='lat' dir='ltr'>matres</span> <span class='ocrx_word' id='word_1_59' title='bbox 382 1532 461 1598; x_wconf 88' lang='lat' dir='ltr'>Iliae</span> <span class='ocrx_word' id='word_1_60' title='bbox 484 1532 627 1597; x_wconf 90' lang='lat' dir='ltr'>additum</span> <span class='ocrx_word' id='word_1_61' title='bbox 648 1531 726 1597; x_wconf 87' lang='lat' dir='ltr'>feris</span> 
     </span>
     <span class='ocr_line' id='line_1_13' title="bbox 91 1617 932 1706; baseline -0.005 -18"><span class='ocrx_word' id='word_1_62' title='bbox 91 1623 236 1688; x_wconf 86' lang='lat' dir='ltr'>Alitibus</span> <span class='ocrx_word' id='word_1_63' title='bbox 259 1627 355 1706; x_wconf 88' lang='lat' dir='ltr'>atque</span> <span class='ocrx_word' id='word_1_64' title='bbox 378 1620 509 1685; x_wconf 88' lang='lat' dir='ltr'>canibus</span> <span class='ocrx_word' id='word_1_65' title='bbox 529 1619 723 1685; x_wconf 80' lang='lat' dir='ltr'>homicidam</span> <span class='ocrx_word' id='word_1_66' title='bbox 746 1617 932 1705; x_wconf 74' lang='lat' dir='ltr'>Hectorem,</span> 
     </span>
     <span class='ocr_line' id='line_1_14' title="bbox 91 1708 838 1795; baseline -0.005 -19"><span class='ocrx_word' id='word_1_67' title='bbox 91 1711 267 1795; x_wconf 86' lang='lat' dir='ltr'>Postquam</span> <span class='ocrx_word' id='word_1_68' title='bbox 290 1710 410 1774; x_wconf 89' lang='lat' dir='ltr'>relictis</span> <span class='ocrx_word' id='word_1_69' title='bbox 431 1709 599 1773; x_wconf 90' lang='lat' dir='ltr'>moenibus</span> <span class='ocrx_word' id='word_1_70' title='bbox 621 1731 678 1773; x_wconf 87' lang='lat' dir='ltr'>rex</span> <span class='ocrx_word' id='word_1_71' title='bbox 699 1708 838 1792; x_wconf 87' lang='lat' dir='ltr'>procidit</span> 
     </span>
     <span class='ocr_line' id='line_1_15' title="bbox 90 1796 710 1884; baseline -0.006 -20"><span class='ocrx_word' id='word_1_72' title='bbox 90 1799 164 1864; x_wconf 90' lang='lat' dir='ltr'>Heu</span> <span class='ocrx_word' id='word_1_73' title='bbox 186 1799 359 1884; x_wconf 86' lang='lat' dir='ltr'>pervicacis</span> <span class='ocrx_word' id='word_1_74' title='bbox 383 1797 423 1861; x_wconf 90' lang='lat' dir='ltr'>ad</span> <span class='ocrx_word' id='word_1_75' title='bbox 444 1797 540 1881; x_wconf 89' lang='lat' dir='ltr'>pedes</span> <span class='ocrx_word' id='word_1_76' title='bbox 563 1796 710 1861; x_wconf 88' lang='lat' dir='ltr'>Achillei.</span> 
     </span>
     <span class='ocr_line' id='line_1_16' title="bbox 92 1885 1006 1969; baseline -0.005 -17"><span class='ocrx_word' id='word_1_77' title='bbox 92 1887 206 1952; x_wconf 83' lang='lat' dir='ltr'>Setosa</span> <span class='ocrx_word' id='word_1_78' title='bbox 228 1887 315 1951; x_wconf 90' lang='lat' dir='ltr'>duris</span> <span class='ocrx_word' id='word_1_79' title='bbox 338 1907 452 1951; x_wconf 85' lang='lat' dir='ltr'>exuere</span> <span class='ocrx_word' id='word_1_80' title='bbox 474 1885 612 1969; x_wconf 88' lang='lat' dir='ltr'>pellibus</span> <span class='ocrx_word' id='word_1_81' title='bbox 974 1899 1006 1948; x_wconf 78' lang='lat'>15</span> 
     </span>
     <span class='ocr_line' id='line_1_17' title="bbox 90 1972 549 2058; baseline -0.004 -19"><span class='ocrx_word' id='word_1_82' title='bbox 90 1974 260 2040; x_wconf 90' lang='lat' dir='ltr'>Laboriosi</span> <span class='ocrx_word' id='word_1_83' title='bbox 281 1975 418 2058; x_wconf 85' lang='lat' dir='ltr'>remiges</span> <span class='ocrx_word' id='word_1_84' title='bbox 441 1972 549 2038; x_wconf 84' lang='lat' dir='ltr'>Vlixei</span> 
     </span>
     <span class='ocr_line' id='line_1_18' title="bbox 92 2061 907 2145; baseline -0.005 -17"><span class='ocrx_word' id='word_1_85' title='bbox 92 2062 229 2128; x_wconf 88' lang='lat' dir='ltr'>Volento</span> <span class='ocrx_word' id='word_1_86' title='bbox 252 2061 344 2127; x_wconf 79' lang='lat' dir='ltr'>Circa</span> <span class='ocrx_word' id='word_1_87' title='bbox 365 2062 522 2145; x_wconf 89' lang='lat' dir='ltr'>membra,</span> <span class='ocrx_word' id='word_1_88' title='bbox 543 2066 620 2126; x_wconf 90' lang='lat' dir='ltr'>tunc</span> <span class='ocrx_word' id='word_1_89' title='bbox 642 2082 732 2125; x_wconf 89' lang='lat' dir='ltr'>mens</span> <span class='ocrx_word' id='word_1_90' title='bbox 756 2065 788 2125; x_wconf 91' lang='lat' dir='ltr'>et</span> <span class='ocrx_word' id='word_1_91' title='bbox 810 2080 907 2125; x_wconf 89' lang='lat' dir='ltr'>sonus</span> 
     </span>
     <span class='ocr_line' id='line_1_19' title="bbox 91 2148 782 2233; baseline -0.001 -18"><span class='ocrx_word' id='word_1_92' title='bbox 91 2150 225 2216; x_wconf 84' lang='lat' dir='ltr'>Relatus</span> <span class='ocrx_word' id='word_1_93' title='bbox 248 2155 344 2233; x_wconf 89' lang='lat' dir='ltr'>atque</span> <span class='ocrx_word' id='word_1_94' title='bbox 365 2153 462 2214; x_wconf 89' lang='lat' dir='ltr'>notus</span> <span class='ocrx_word' id='word_1_95' title='bbox 485 2150 519 2212; x_wconf 94' lang='lat' dir='ltr'>in</span> <span class='ocrx_word' id='word_1_96' title='bbox 541 2149 648 2213; x_wconf 80' lang='lat' dir='ltr'>voltus</span> <span class='ocrx_word' id='word_1_97' title='bbox 669 2148 782 2214; x_wconf 92' lang='lat' dir='ltr'>honor.</span> 
     </span>
     <span class='ocr_line' id='line_1_20' title="bbox 90 2236 752 2321; baseline -0.006 -18"><span class='ocrx_word' id='word_1_98' title='bbox 90 2239 174 2304; x_wconf 89' lang='lat' dir='ltr'>Dedi</span> <span class='ocrx_word' id='word_1_99' title='bbox 197 2238 275 2302; x_wconf 87' lang='lat' dir='ltr'>satis</span> <span class='ocrx_word' id='word_1_100' title='bbox 298 2258 456 2321; x_wconf 90' lang='lat' dir='ltr'>superque</span> <span class='ocrx_word' id='word_1_101' title='bbox 478 2257 653 2320; x_wconf 87' lang='lat' dir='ltr'>poenarum</span> <span class='ocrx_word' id='word_1_102' title='bbox 676 2236 752 2319; x_wconf 89' lang='lat' dir='ltr'>tibi,</span> 
     </span>
     <span class='ocr_line' id='line_1_21' title="bbox 90 2323 1005 2391; baseline -0.004 0"><span class='ocrx_word' id='word_1_103' title='bbox 90 2326 209 2391; x_wconf 84' lang='lat' dir='ltr'>Amata</span> <span class='ocrx_word' id='word_1_104' title='bbox 230 2325 337 2391; x_wconf 89' lang='lat' dir='ltr'>nautis</span> <span class='ocrx_word' id='word_1_105' title='bbox 359 2324 498 2389; x_wconf 93' lang='lat' dir='ltr'>multum</span> <span class='ocrx_word' id='word_1_106' title='bbox 521 2328 553 2388; x_wconf 89' lang='lat' dir='ltr'>et</span> <span class='ocrx_word' id='word_1_107' title='bbox 575 2323 786 2388; x_wconf 79' lang='lat' dir='ltr'>institoribus.</span> <span class='ocrx_word' id='word_1_108' title='bbox 972 2340 1005 2388; x_wconf 83' lang='lat' dir='ltr'>ao</span> 
     </span>
     <span class='ocr_line' id='line_1_22' title="bbox 90 2411 741 2500; baseline -0.008 -20"><span class='ocrx_word' id='word_1_109' title='bbox 90 2415 190 2500; x_wconf 81' lang='lat' dir='ltr'>Fugit</span> <span class='ocrx_word' id='word_1_110' title='bbox 212 2415 357 2480; x_wconf 82' lang='lat' dir='ltr'>iuventas</span> <span class='ocrx_word' id='word_1_111' title='bbox 381 2416 414 2479; x_wconf 91' lang='lat' dir='ltr'>et</span> <span class='ocrx_word' id='word_1_112' title='bbox 434 2412 631 2477; x_wconf 87' lang='lat' dir='ltr'>verecundus</span> <span class='ocrx_word' id='word_1_113' title='bbox 654 2411 741 2476; x_wconf 91' lang='lat' dir='ltr'>color</span> 
     </span>
     <span class='ocr_line' id='line_1_23' title="bbox 90 2499 755 2587; baseline -0.009 -19"><span class='ocrx_word' id='word_1_114' title='bbox 90 2502 144 2568; x_wconf 90' lang='lat' dir='ltr'>Me</span> <span class='ocrx_word' id='word_1_115' title='bbox 166 2502 276 2587; x_wconf 82' lang='lat' dir='ltr'>liquit3</span> <span class='ocrx_word' id='word_1_116' title='bbox 299 2522 372 2566; x_wconf 89' lang='lat' dir='ltr'>ossa</span> <span class='ocrx_word' id='word_1_117' title='bbox 393 2500 476 2586; x_wconf 91' lang='lat' dir='ltr'>pelle</span> <span class='ocrx_word' id='word_1_118' title='bbox 500 2501 616 2564; x_wconf 87' lang='lat' dir='ltr'>amicta</span> <span class='ocrx_word' id='word_1_119' title='bbox 637 2499 755 2582; x_wconf 89' lang='lat' dir='ltr'>lurida,</span> 
     </span>
     <span class='ocr_line' id='line_1_24' title="bbox 91 2587 700 2676; baseline -0.01 -20"><span class='ocrx_word' id='word_1_120' title='bbox 91 2591 170 2656; x_wconf 81' lang='lat' dir='ltr'>Tuis</span> <span class='ocrx_word' id='word_1_121' title='bbox 193 2590 327 2676; x_wconf 83' lang='lat' dir='ltr'>capillus</span> <span class='ocrx_word' id='word_1_122' title='bbox 350 2589 441 2654; x_wconf 88' lang='lat' dir='ltr'>albus</span> <span class='ocrx_word' id='word_1_123' title='bbox 464 2592 513 2653; x_wconf 89' lang='lat' dir='ltr'>est</span> <span class='ocrx_word' id='word_1_124' title='bbox 536 2587 700 2671; x_wconf 75' lang='lat' dir='ltr'>odoribuS,</span> 
     </span>
     <span class='ocr_line' id='line_1_25' title="bbox 90 2675 788 2759; baseline -0.011 -13"><span class='ocrx_word' id='word_1_125' title='bbox 90 2679 227 2746; x_wconf 90' lang='lat' dir='ltr'>Nullum</span> <span class='ocrx_word' id='word_1_126' title='bbox 249 2678 289 2743; x_wconf 89' lang='lat' dir='ltr'>ab</span> <span class='ocrx_word' id='word_1_127' title='bbox 311 2678 420 2743; x_wconf 89' lang='lat' dir='ltr'>labore</span> <span class='ocrx_word' id='word_1_128' title='bbox 443 2700 494 2742; x_wconf 92' lang='lat' dir='ltr'>me</span> <span class='ocrx_word' id='word_1_129' title='bbox 517 2676 650 2741; x_wconf 89' lang='lat' dir='ltr'>reclinat</span> <span class='ocrx_word' id='word_1_130' title='bbox 672 2675 788 2759; x_wconf 69' lang='lat' dir='ltr'>otium,</span> 
     </span>
     <span class='ocr_line' id='line_1_26' title="bbox 90 2765 1003 2853; baseline -0.004 -21"><span class='ocrx_word' id='word_1_131' title='bbox 90 2766 216 2853; x_wconf 81' lang='lat' dir='ltr'>Vrguet</span> <span class='ocrx_word' id='word_1_132' title='bbox 239 2768 322 2832; x_wconf 92' lang='lat' dir='ltr'>diem</span> <span class='ocrx_word' id='word_1_133' title='bbox 345 2787 410 2831; x_wconf 84' lang='lat' dir='ltr'>nox</span> <span class='ocrx_word' id='word_1_134' title='bbox 433 2769 465 2830; x_wconf 92' lang='lat' dir='ltr'>et</span> <span class='ocrx_word' id='word_1_135' title='bbox 488 2765 555 2829; x_wconf 88' lang='lat' dir='ltr'>dies</span> <span class='ocrx_word' id='word_1_136' title='bbox 577 2768 717 2848; x_wconf 91' lang='lat' dir='ltr'>noctem,</span> <span class='ocrx_word' id='word_1_137' title='bbox 739 2765 874 2847; x_wconf 86' lang='lat' dir='ltr'>nequest</span> <span class='ocrx_word' id='word_1_138' title='bbox 971 2779 1003 2828; x_wconf 79' lang='lat'>25</span> 
     </span>
     <span class='ocr_line' id='line_1_27' title="bbox 89 2852 674 2939; baseline -0.01 -18"><span class='ocrx_word' id='word_1_139' title='bbox 89 2856 210 2922; x_wconf 87' lang='lat' dir='ltr'>Levare</span> <span class='ocrx_word' id='word_1_140' title='bbox 233 2859 322 2920; x_wconf 86' lang='lat' dir='ltr'>tenta</span> <span class='ocrx_word' id='word_1_141' title='bbox 345 2855 461 2939; x_wconf 90' lang='lat' dir='ltr'>spiritu</span> <span class='ocrx_word' id='word_1_142' title='bbox 483 2852 674 2937; x_wconf 88' lang='lat' dir='ltr'>praecordia.</span> 
     </span>
     <span class='ocr_line' id='line_1_28' title="bbox 89 2940 826 3030; baseline -0.009 -21"><span class='ocrx_word' id='word_1_143' title='bbox 89 2945 180 3029; x_wconf 84' lang='lat' dir='ltr'>Ergo</span> <span class='ocrx_word' id='word_1_144' title='bbox 202 2947 354 3030; x_wconf 75' lang='lat' dir='ltr'>negatum</span> <span class='ocrx_word' id='word_1_145' title='bbox 377 2944 487 3007; x_wconf 86' lang='lat' dir='ltr'>vincor</span> <span class='ocrx_word' id='word_1_146' title='bbox 509 2945 546 3005; x_wconf 90' lang='lat' dir='ltr'>ut</span> <span class='ocrx_word' id='word_1_147' title='bbox 568 2941 694 3006; x_wconf 88' lang='lat' dir='ltr'>credam</span> <span class='ocrx_word' id='word_1_148' title='bbox 716 2940 826 3023; x_wconf 90' lang='lat' dir='ltr'>miser,</span> 
     </span>
     <span class='ocr_line' id='line_1_29' title="bbox 91 3029 697 3117; baseline -0.012 -19"><span class='ocrx_word' id='word_1_149' title='bbox 91 3031 219 3098; x_wconf 87' lang='lat' dir='ltr'>Sabella</span> <span class='ocrx_word' id='word_1_150' title='bbox 239 3036 351 3117; x_wconf 89' lang='lat' dir='ltr'>pectus</span> <span class='ocrx_word' id='word_1_151' title='bbox 373 3032 535 3113; x_wconf 89' lang='lat' dir='ltr'>increpare</span> <span class='ocrx_word' id='word_1_152' title='bbox 557 3029 697 3093; x_wconf 88' lang='lat' dir='ltr'>carmina</span> 
     </span>
     <span class='ocr_line' id='line_1_30' title="bbox 91 3117 669 3204; baseline -0.01 -18"><span class='ocrx_word' id='word_1_153' title='bbox 91 3119 257 3204; x_wconf 69' lang='lat' dir='ltr'>caputque</span> <span class='ocrx_word' id='word_1_154' title='bbox 278 3118 386 3184; x_wconf 89' lang='lat' dir='ltr'>Marsa</span> <span class='ocrx_word' id='word_1_155' title='bbox 409 3117 545 3183; x_wconf 88' lang='lat' dir='ltr'>dissilire</span> <span class='ocrx_word' id='word_1_156' title='bbox 568 3117 669 3181; x_wconf 87' lang='lat' dir='ltr'>nenia.</span> 
     </span>
     <span class='ocr_line' id='line_1_31' title="bbox 90 3204 1004 3293; baseline -0.004 -20"><span class='ocrx_word' id='word_1_157' title='bbox 90 3208 175 3286; x_wconf 85' lang='lat' dir='ltr'>Quid</span> <span class='ocrx_word' id='word_1_158' title='bbox 197 3209 335 3293; x_wconf 89' lang='lat' dir='ltr'>amplius</span> <span class='ocrx_word' id='word_1_159' title='bbox 357 3207 428 3272; x_wconf 78' lang='lat' dir='ltr'>vis?</span> <span class='ocrx_word' id='word_1_160' title='bbox 470 3204 496 3270; x_wconf 95' lang='lat'>0</span> <span class='ocrx_word' id='word_1_161' title='bbox 519 3227 605 3269; x_wconf 85' lang='lat' dir='ltr'>mare</span> <span class='ocrx_word' id='word_1_162' title='bbox 629 3208 661 3269; x_wconf 90' lang='lat' dir='ltr'>et</span> <span class='ocrx_word' id='word_1_163' title='bbox 683 3208 781 3288; x_wconf 87' lang='lat' dir='ltr'>terra,</span> <span class='ocrx_word' id='word_1_164' title='bbox 804 3205 912 3290; x_wconf 89' lang='lat' dir='ltr'>ardeo,</span> <span class='ocrx_word' id='word_1_165' title='bbox 970 3221 1004 3269; x_wconf 82' lang='lat'>30</span> 
     </span>
     <span class='ocr_line' id='line_1_32' title="bbox 91 3291 832 3381; baseline -0.007 -19"><span class='ocrx_word' id='word_1_166' title='bbox 91 3297 254 3375; x_wconf 84' lang='lat' dir='ltr'>Quantum</span> <span class='ocrx_word' id='word_1_167' title='bbox 275 3318 378 3381; x_wconf 91' lang='lat' dir='ltr'>neque</span> <span class='ocrx_word' id='word_1_168' title='bbox 401 3299 470 3359; x_wconf 87' lang='lat' dir='ltr'>atro</span> <span class='ocrx_word' id='word_1_169' title='bbox 495 3294 655 3359; x_wconf 86' lang='lat' dir='ltr'>delibutus</span> <span class='ocrx_word' id='word_1_170' title='bbox 677 3291 832 3357; x_wconf 90' lang='lat' dir='ltr'>Hercules</span> 
     </span>
     <span class='ocr_line' id='line_1_33' title="bbox 88 3381 695 3470; baseline -0.013 -19"><span class='ocrx_word' id='word_1_171' title='bbox 88 3385 186 3452; x_wconf 85' lang='lat' dir='ltr'>Nessi</span> <span class='ocrx_word' id='word_1_172' title='bbox 210 3407 333 3470; x_wconf 88' lang='lat' dir='ltr'>cruore,</span> <span class='ocrx_word' id='word_1_173' title='bbox 355 3406 413 3449; x_wconf 89' lang='lat' dir='ltr'>nec</span> <span class='ocrx_word' id='word_1_174' title='bbox 437 3381 552 3448; x_wconf 84' lang='lat' dir='ltr'>Sicana</span> <span class='ocrx_word' id='word_1_175' title='bbox 572 3381 695 3445; x_wconf 86' lang='lat' dir='ltr'>fervida</span> 
     </span>
     <span class='ocr_line' id='line_1_34' title="bbox 88 3469 850 3555; baseline -0.005 -17"><span class='ocrx_word' id='word_1_176' title='bbox 88 3473 206 3538; x_wconf 90' lang='lat' dir='ltr'>Virens</span> <span class='ocrx_word' id='word_1_177' title='bbox 229 3474 263 3538; x_wconf 93' lang='lat' dir='ltr'>in</span> <span class='ocrx_word' id='word_1_178' title='bbox 285 3471 391 3538; x_wconf 83' lang='lat' dir='ltr'>Aetna</span> <span class='ocrx_word' id='word_1_179' title='bbox 412 3472 553 3555; x_wconf 70' lang='lat' dir='ltr'>flamma,</span> <span class='ocrx_word' id='word_1_180' title='bbox 576 3473 625 3553; x_wconf 92' lang='lat' dir='ltr'>tu,</span> <span class='ocrx_word' id='word_1_181' title='bbox 648 3469 748 3534; x_wconf 93' lang='lat' dir='ltr'>donec</span> <span class='ocrx_word' id='word_1_182' title='bbox 770 3470 850 3534; x_wconf 89' lang='lat' dir='ltr'>cinis</span> 
     </span>
     <span class='ocr_line' id='line_1_35' title="bbox 88 3560 634 3642; baseline -0.009 -15"><span class='ocrx_word' id='word_1_183' title='bbox 88 3560 257 3627; x_wconf 91' lang='lat' dir='ltr'>Iniuriosis</span> <span class='ocrx_word' id='word_1_184' title='bbox 281 3561 389 3625; x_wconf 89' lang='lat' dir='ltr'>aridus</span> <span class='ocrx_word' id='word_1_185' title='bbox 411 3560 516 3624; x_wconf 79' lang='lat' dir='ltr'>ventis</span> <span class='ocrx_word' id='word_1_186' title='bbox 537 3560 634 3642; x_wconf 87' lang='lat' dir='ltr'>ferar,</span> 
     </span>
     <span class='ocr_line' id='line_1_36' title="bbox 810 3660 843 3713; baseline 0 -25"><span class='ocrx_word' id='word_1_187' title='bbox 810 3660 843 3713; x_wconf 61' lang='grc'>91</span> 
     </span>
    </p>
   </div>
   <div class='ocr_carea' id='block_1_3' title="bbox 0 0 1190 4028">
    <p class='ocr_par' dir='ltr' id='par_1_3' title="bbox 0 0 1190 4028">
     <span class='ocr_line' id='line_1_37' title="bbox 0 0 1190 4028; baseline 0 1"><span class='ocrx_word' id='word_1_188' title='bbox 0 0 1190 4028; x_wconf 95' lang='lat' dir='ltr'> </span> 
     </span>
    </p>
   </div>
  </div>
 </body>
</html>
