2370 4028
49 223 120 295 sn]
203 165 204 168 Ὺ
397 222 505 278 mana
522 223 581 279 nn.
929 224 994 290 105

144 364 335 450 Telephum,
358 387 453 450 quem
475 369 512 430 tu
534 367 632 452 petis,
654 369 822 452 occupavit

143 453 219 520 Non
242 457 315 518 tuae
338 454 435 518 sortis
457 455 604 520 iuvenem
627 456 734 538 puella

143 542 243 607 Dives
265 546 298 606 et
319 540 440 607 lasciva
460 547 611 627 tenetque
634 548 726 628 grata

189 628 348 713 Compede
370 631 523 695 vinctum.

144 779 256 844 Terret
279 779 445 846 ambustus
467 779 635 846 Phaethon
658 802 768 845 avaras
958 797 993 847 25

146 866 239 951 Spes,
262 871 294 932 et
316 867 498 953 exemplum
521 888 618 954 grave
639 869 771 953 praebet
793 868 859 935 alos

145 955 287 1040 Pegasus
309 959 470 1021 terrenum
494 958 633 1041 equitem
657 960 808 1042 gravatus

189 1044 473 1129 Bellerophonten,

147 1191 279 1276 Semper
300 1198 337 1258 ut
359 1198 392 1258 te
415 1194 513 1279 digna
534 1216 667 1278 sequare
689 1199 722 1259 et
743 1194 830 1260 ultra

147 1280 249 1358 Quam
271 1280 347 1347 licet
369 1304 496 1366 sperare
518 1283 607 1348 nefas
630 1283 772 1366 putando
957 1301 993 1349 30

146 1369 315 1453 Disparem
336 1371 426 1435 vites.
467 1368 538 1455 Age
561 1371 638 1454 iam,
660 1393 804 1436 meorum

189 1456 280 1521 Finis
303 1480 460 1541 amorum,

147 1605 236 1693 (Non
259 1608 344 1672 enim
366 1607 501 1690 posthac
523 1608 587 1671 alia
608 1608 716 1672 calebo

146 1693 292 1782 Femina)
316 1695 462 1760 condisce
484 1696 610 1779 modos,
634 1695 767 1760 amanda

147 1782 234 1848 Voce
257 1805 337 1868 quos
359 1783 485 1848 reddas:
508 1785 693 1848 minuentur
715 1788 802 1849 atrae
957 1800 993 1850 35

192 1869 338 1936 Carmine
362 1893 463 1936 curae.

410 2121 569 2129 u————-

456 2318 529 2384 XII.

96 2441 165 2507 Iam
188 2442 271 2507 veris
294 2441 441 2527 comites,
464 2464 544 2526 quae
566 2465 652 2509 mare
675 2447 854 2527 temperant

95 2529 260 2613 Inpellunt
282 2530 406 2595 animae
427 2530 529 2595 lintea
551 2531 717 2617 Thraciae3

95 2616 165 2682 lam
187 2639 246 2683 nec
266 2622 359 2701 prata
380 2619 487 2704 rigent
508 2641 567 2685 nec
589 2620 679 2685 fluvii
702 2623 850 2703 strepunt

139 2705 284 2771 Hiberna
304 2706 378 2771 nive
401 2708 529 2792 turgidi.

858 2496 867 2530 7

93 2855 217 2920 Nidum
238 2856 344 2941 ponit,
365 2854 441 2939 Ityn
463 2856 614 2921 flebiliter
636 2877 779 2942 gemens,
974 2875 992 2924 5

94 2942 213 3008 Infelix
236 2944 303 3009 avis
327 2947 360 3008 et
383 2942 553 3027 Cecropiae
576 2945 689 3010 domus

94 3031 272 3097 Aeternum
295 3032 516 3117 opprobrium,
539 3033 625 3118 quod
646 3033 728 3097 male
751 3033 902 3100 barbaras

138 3119 298 3205 Regumst
319 3120 389 3184 ulta
410 3120 567 3185 libidines.

92 3269 215 3333 Dicunt
237 3270 272 3335 in
293 3274 403 3336 tenero
427 3270 570 3354 gramine
592 3270 762 3354 pinguium

93 3356 250 3422 Custodes
273 3359 381 3424 ovium
405 3358 546 3423 carmina
567 3358 677 3422 fistula
956 3377 991 3424 ro

90 3445 324 3531 Delectantqm
348 3447 455 3530 deum,
479 3446 530 3511 cui
552 3468 649 3530 pecus
672 3451 704 3512 et
725 3447 837 3533 nigrae

138 3531 243 3599 Colles
266 3534 421 3600 Arcadiae
443 3534 578 3619 placent.
