2370 4028
372 812 915 911 SATVRARVM

513 981 621 1036 LIBER
638 981 766 1037 ALTER.

629 1140 653 1207 Ι.

141 1265 235 1332 ‘Sunt
258 1265 373 1349 quibus
395 1265 431 1330 iu
452 1269 561 1329 satura
583 1264 693 1329 videor
715 1265 811 1331 nimis
835 1288 907 1331 acer
929 1269 962 1331 et
980 1263 1045 1330 ultra

139 1354 258 1439 Legem
281 1353 409 1418 tendere
433 1374 527 1437 opus,
549 1352 618 1417 sine
640 1353 746 1417 nervis
769 1353 870 1418 altera
893 1351 1033 1438 quidquid

141 1441 302 1525 Conposui
324 1463 398 1525 pars
421 1463 490 1506 esse
512 1444 606 1524 putat
627 1440 811 1524 similesque
833 1463 977 1507 meorum

139 1530 230 1594 Mille
253 1528 304 1593 die
325 1551 436 1594 versus
460 1528 572 1592 deduci
593 1550 695 1612 posse.
735 1528 879 1613 Trebati,

106 1636 122 1684 5
141 1617 225 1693 Quid
238 1616 365 1700 faciam,
379 1616 580 1700 praescribe.'
601 1616 784 1692 ‘Quiescas'
805 1615 866 1681 ‘Ne
879 1617 1006 1701 faciam,
1016 1607 1090 1696 inquit,

141 1704 278 1769 Omnino
302 1705 447 1768 versusP'
483 1702 578 1768 ‘Aio'
615 1703 757 1768 ‘Peream
780 1704 877 1788 male,
901 1706 930 1769 si
951 1727 1012 1770 non

143 1791 308 1876 Optimum
332 1795 413 1874 erat3
435 1814 546 1855 verum
568 1813 691 1875 nequeo
714 1791 873 1856 dormire?
915 1793 988 1857 “Per
1006 1785 1069 1855 uncti

142 1880 343 1944 Transnanto
366 1879 526 1963 Tiberim,
544 1901 655 1944 somno
679 1879 795 1963 quibus
818 1884 868 1944 est
891 1901 972 1964 opus
993 1879 1052 1958 alto,

142 1967 373 2053 Inriguumque
396 1989 484 2031 mero
507 1967 567 2031 sub
590 1971 716 2032 noctem
739 1989 853 2050 corpus
875 1967 1019 2033 habento.

89 2074 123 2123 10
139 2055 208 2120 Aut
230 2055 258 2119 si
281 2059 390 2119 tantus
413 2076 502 2118 amor
524 2054 682 2119 scribendi
705 2062 737 2118 te
759 2055 857 2139 rapit,
881 2056 962 2120 aude

141 2143 284 2209 Caesaris
306 2143 419 2206 invicti
440 2165 491 2207 res
515 2143 631 2226 dicere,
653 2143 756 2206 multa
777 2142 925 2207 laborum

139 2230 287 2296 Praemia
307 2229 452 2295 laturus?
489 2228 672 2314 ‘Cupidum,
694 2233 785 2314 pater
808 2230 943 2316 optime,
963 2231 1035 2295 vires

140 2319 315 2383 Deficiunt:
338 2339 440 2400 neque
463 2319 547 2382 enim
571 2318 677 2402 quivis
699 2316 862 2382 horrentia
884 2319 960 2402 pilis

141 2405 282 2492 Agmina
303 2427 362 2470 nec
383 2406 485 2469 fracta
506 2409 673 2489 pereuntes
697 2406 826 2489 cuspide
849 2404 960 2470 Gallos

90 2513 123 2562 15
140 2493 210 2558 Aut
230 2493 368 2558 labentis
391 2514 473 2577 equo
497 2493 648 2558 describit
670 2493 802 2557 vulnera
823 2492 958 2558 Parthi?

142 2581 307 2646 ‘Attamen
330 2585 363 2646 et
384 2582 505 2645 iustum
527 2585 654 2665 poteras
678 2585 710 2645 et
733 2581 869 2645 scribere
892 2583 1017 2664 fortem,

142 2668 324 2753 Scipiadam
346 2673 384 2732 ut
405 2669 531 2752 sapiens
553 2668 717 2733 Lucilius?
758 2668 864 2732 ‘Haud
886 2669 968 2734 mihi
989 2669 1057 2744 dero,

142 2755 222 2821 Cum
245 2779 297 2822 res
319 2757 390 2841 ipsa
411 2757 505 2821 feret:
527 2756 591 2820 uisi
614 2757 725 2820 dextro
748 2761 891 2840 tempore
928 2754 1025 2821 Flacci

141 2843 249 2909 Verba
271 2867 329 2929 per
351 2848 506 2909 attentam
528 2864 593 2908 non
615 2844 709 2907 ibunt
732 2843 874 2908 Caesaris
898 2866 1016 2928 aurem,

90 2949 124 2998 20
143 2930 202 2996 Cui
224 2932 308 2997 male
331 2933 359 2996 si
380 2932 521 3016 palpem,
543 2931 723 2996 recalcitrat
744 2932 885 3015 undique
907 2931 1015 2996 tutus?

143 3018 281 3095 ‘Quanto
303 3021 421 3084 rectius
443 3019 505 3083 hoc
527 3041 622 3103 quam
645 3019 732 3082 tristi
753 3019 876 3084 laedere
898 3041 992 3084 versu

142 3106 354 3171 Pantolabum
377 3128 519 3171 scurram
540 3105 841 3191 Nomentanumque
864 3112 1021 3191 nepotem,
1074 3177 1079 3191 ‚

143 3193 223 3259 Cum
238 3195 300 3258 sibi
315 3195 450 3279 quisque
464 3195 570 3277 timet,
590 3198 814 3278 quemquamst
831 3195 985 3278 intactus,
1003 3195 1030 3257 et
1044 3178 1092 3250 odil

143 3282 239 3358 ‘Quid
261 3282 397 3347 faciam?
440 3281 543 3347 Saltat
563 3281 730 3363 Milonius,
752 3286 789 3345 ut
812 3283 910 3346 semel
932 3284 994 3348 icto

92 3385 124 3434 25
142 3367 289 3435 Accessit
310 3370 416 3434 fervor
439 3369 537 3453 capiti
558 3390 771 3453 numerusque
794 3369 946 3455 lucemis3

144 3456 257 3522 Castor
279 3458 397 3543 gaudet
420 3457 523 3541 equis,
546 3478 605 3522 ovo
628 3461 803 3541 prognatus
827 3458 938 3522 eodem
