2370 4028
404 167 512 278 ursus
529 224 577 279 ur,
947 226 989 292 69

94 365 259 454 Ingratam
281 365 401 433 Veneri
423 389 506 451 pone
529 368 725 453 superbiam,

92 455 144 521 Ne
168 459 314 520 currente
336 459 423 520 retro
445 455 532 520 funis
555 461 607 521 eat
628 462 711 522 rota:
956 474 989 522 10

137 542 214 609 Non
236 547 269 608 te
291 543 473 628 Penelopen
495 544 659 609 difficilem
680 546 786 630 procis

182 631 367 715 Tyrrhenus
391 632 503 717 genuit
524 654 647 716 parens.

93 781 121 847 O
145 782 291 867 quamvis
313 803 416 866 neque
439 785 471 846 te
493 803 626 846 munera
648 805 706 847 nec
727 805 837 867 preces

91 870 161 938 Neo
184 871 304 935 tinctus
326 870 413 935 viola
434 869 539 954 pallor
561 871 737 936 amantium

136 958 206 1024 Nec
227 959 278 1023 vir
298 957 406 1023 Pieria
426 957 548 1041 paelice
571 960 698 1023 saucius
955 975 988 1024 15

182 1045 313 1130 Currat,
336 1046 535 1130 supplicibus
557 1047 623 1111 tuis

90 1198 223 1280 Parcas,
244 1218 303 1262 nec
324 1195 429 1281 rigida
451 1195 580 1262 mollior
602 1196 727 1261 aesculo

91 1285 160 1352 Nec
182 1283 304 1350 Mauris
327 1285 469 1349 animum
492 1285 603 1351 mitior
625 1286 791 1370 anguibus.

135 1372 211 1440 Non
233 1371 295 1437 hoc
317 1394 443 1456 semper
465 1372 527 1437 erit
547 1372 670 1438 liminis
693 1377 749 1438 aut
772 1396 871 1458 aquae

181 1460 334 1525 Caelestis
357 1461 483 1544 patiens
505 1459 599 1526 latus.
953 1479 987 1528 20

458 1909 513 1974 XI.

112 2032 264 2116 Mercuri,
286 2053 361 2094 nam
384 2035 417 2096 te
440 2032 552 2096 docilis
575 2032 730 2117 magistro

111 2121 215 2187 Movit
237 2117 402 2202 Amphion
423 2119 546 2204 lapides
570 2122 724 2206 canendo,

111 2210 224 2294 Tuque
246 2207 375 2273 testudo
398 2229 545 2273 resonare
568 2212 691 2293 septem

157 2297 280 2362 Callida
301 2296 421 2380 nervis,

109 2446 179 2513 Nec
201 2446 320 2530 loquax
343 2444 420 2509 olim
443 2467 545 2529 neque
569 2450 673 2531 grata,
696 2451 836 2512 nuncet
969 2465 985 2514 t

110 2535 259 2600 Divitum
281 2534 401 2599 mensis
424 2537 457 2598 ct
479 2535 581 2598 amica
603 2534 745 2619 templis,

109 2623 173 2688 Dic
194 2623 321 2707 modos,
342 2620 432 2705 Lyde
455 2623 572 2706 quibus
594 2623 772 2687 obstinatas

154 2710 306 2795 Adplicat
329 2731 434 2794 aures,

110 2860 198 2937 Quae
221 2858 310 2924 velut
330 2858 406 2923 latis
430 2881 511 2943 equa
533 2860 631 2924 trima
653 2861 773 2943 campis

109 2948 210 3013 Ludit
232 2946 384 3012 exsultim
406 2948 585 3032 metuitque
608 2948 712 3033 tangi,
952 2967 985 3016 10

108 3036 306 3120 Nuptiarum
329 3057 442 3120 expers
466 3040 498 3101 et
521 3036 624 3100 adhuc
646 3040 794 3120 protervo

155 3124 260 3189 Cruda
281 3124 406 3188 marito.

107 3274 158 3339 Tu
181 3277 273 3358 potes
296 3273 397 3358 tigres
421 3275 616 3357 comitesque
639 3273 737 3340 silvas

106 3362 234 3427 Ducere
257 3365 290 3428 et
311 3362 399 3427 rivos
421 3362 539 3427 celeres
561 3363 693 3448 morari3

108 3450 214 3517 cessit
236 3450 385 3516 immanis
408 3451 469 3515 tibi
492 3449 669 3515 blandienti
951 3468 984 3516 15

152 3537 276 3604 Ianitor
298 3538 401 3624 aulae,
