2370 4028
138 245 205 311 240
512 205 770 300 EPISTVLARVM
1066 244 1101 318 [u

87 406 121 457 oo
138 388 276 473 Fingere
298 387 448 452 cinctutis
469 409 534 452 non
558 388 707 452 exaudita
730 387 880 474 Cethegis

141 476 314 561 Continget
336 474 526 558 dabiturque
548 474 678 540 licentia
701 481 830 560 sumpta
851 477 1014 560 pudenter.

139 566 185 630 Et
206 587 289 630 nova
310 563 457 647 factaque
480 585 581 647 nuper
602 563 767 628 habebunt
788 564 888 629 verba
909 565 1016 648 fidem,
1034 586 1076 629 seu

142 652 262 718 Graeco
284 653 373 716 fonte
396 651 509 715 cadent
531 673 624 735 parce
648 653 781 716 detorta.
823 651 909 728 Quid
931 657 1032 717 autem

142 741 278 805 Caecilio
301 738 480 823 Plautoque
502 739 591 803 dabit
612 739 777 805 Romanus
801 741 987 824 ademptum

89 846 122 895 55
140 827 285 914 Vergilio
308 826 492 910 Varioque?
531 826 603 912 Ego
627 849 696 912 cur,
719 828 888 912 adquirere
911 850 1011 912 pauca

142 915 177 981 Si
199 936 344 1000 possum,
366 915 523 999 invideor,
546 937 618 980 curn
639 915 752 1000 lingua
774 914 906 980 Catonis
929 920 963 981 et
983 916 1058 981 Enni

142 1003 327 1069 Sermonem
348 1002 489 1086 patrium
512 1003 662 1068 ditaverit
684 1007 717 1068 et
738 1025 822 1068 nova
843 1026 953 1068 rerum

140 1092 282 1157 Nomina
303 1090 495 1175 protulerit?
534 1091 642 1155 Licuit
664 1113 853 1176 semperque
876 1092 988 1157 licebit

143 1179 311 1266 Signatum
333 1183 498 1262 praesente
520 1184 597 1244 nota
618 1179 791 1264 procudere
814 1201 991 1245 nummum.

89 1285 123 1334 60
141 1268 188 1339 Vt
209 1268 308 1331 silvae
328 1267 416 1330 foliis
438 1289 556 1351 pronos
578 1271 744 1332 mutantur
766 1267 800 1331 in
823 1289 939 1352 annos,

141 1356 250 1420 Prima
273 1355 401 1419 cadunt:
424 1355 470 1418 ita
491 1356 662 1420 verborum
683 1359 776 1420 vetus
799 1355 913 1420 interit
935 1360 1029 1440 aetas,

140 1443 187 1508 Et
208 1444 358 1507 iuvenum
380 1442 446 1507 ritu
468 1444 584 1507 florent
605 1443 700 1508 modo
722 1447 799 1507 nata
820 1443 1003 1529 vigentque.

141 1530 304 1595 Debemur
325 1531 422 1595 morti
443 1552 503 1595 nos
525 1535 704 1615 nostraque.
747 1529 821 1596 Sive
843 1537 992 1615 receptus

142 1619 241 1684 Terra
261 1618 432 1702 Neptunus
456 1618 572 1683 classes
594 1617 809 1703 Aquilonibus
833 1624 934 1705 arcet,

90 1724 124 1774 ot
142 1707 241 1792 Regis
264 1728 357 1790 opus,
380 1706 538 1771 sterilisve
561 1707 615 1770 diu
638 1707 747 1791 †palus
770 1711 910 1792 aptaque
932 1709 1023 1774 remis

143 1794 274 1859 Vicinas
297 1795 392 1859 urbes
415 1794 474 1858 alit
496 1799 528 1858 et
550 1814 646 1879 grave
668 1796 767 1860 sentit
788 1800 945 1881 aratrum,

144 1882 207 1948 Seu
230 1904 358 1947 cursum
380 1882 518 1946 mutarit
539 1883 685 1966 iniquum
706 1883 853 1969 frugibus
878 1886 994 1969 amnis,

141 1971 264 2036 Doctus
287 1971 349 2034 iter
370 1969 497 2034 melius:
520 1971 668 2035 mortalia
688 1971 773 2035 facta
793 1972 960 2056 peribunt,

141 2059 269 2125 Nedum
291 2079 473 2123 sermonum
496 2063 560 2124 stet
581 2058 683 2123 honos
706 2063 738 2124 et
760 2060 865 2144 gratia
886 2061 989 2125 vivax.

92 2165 124 2232 70
142 2146 247 2211 Multa
268 2151 485 2230 renascentur,
509 2168 589 2230 quae
611 2147 675 2211 iarn
698 2147 850 2232 cecidere,
873 2148 1050 2234 cadentque,

143 2234 230 2311 Quae
253 2256 336 2298 nunc
359 2238 435 2298 sunt
457 2235 491 2298 in
512 2234 645 2319 honore,
667 2235 834 2320 vocabula,
857 2236 886 2299 si
908 2236 996 2302 volet
1013 2255 1081 2316 usus,

143 2322 245 2399 Quem
267 2343 364 2405 penes
387 2322 587 2387 arbitriumst
609 2327 642 2388 et
663 2323 713 2387 ius
736 2328 769 2388 et
789 2345 904 2388 norma
924 2323 1066 2410 loquendi

142 2410 207 2474 Res
230 2412 338 2494 gestae
361 2431 536 2494 regumque
559 2411 737 2495 ducumque
759 2415 792 2476 et
813 2412 922 2476 tristia
943 2412 1023 2478 bella

144 2497 213 2574 Quo
237 2497 334 2562 scribi
356 2502 488 2582 possent
509 2520 655 2583 numero,
677 2500 868 2564 monstravit
889 2499 1048 2566 Homerus.

92 2603 124 2651 75
143 2585 298 2651 Versibus
320 2586 475 2670 inpariter
497 2587 613 2651 iunctis
636 2587 834 2671 querimonia
854 2588 1008 2674 primum,

143 2673 222 2738 Post
243 2674 341 2738 etiam
363 2672 518 2738 inclusast
538 2675 606 2739 voti
628 2676 786 2739 sententia
807 2697 953 2764 compos3

144 2761 222 2838 Quis
244 2765 352 2827 tamen
374 2762 507 2847 exiguos
530 2762 636 2847 elegos
659 2763 801 2827 emiserit
823 2767 949 2849 auctor,

143 2849 351 2915 Grammatici
374 2854 498 2915 certant
520 2854 553 2914 et
575 2850 676 2914 adhuc
699 2851 758 2915 sub
781 2851 884 2916 iudice
905 2852 948 2917 lis
971 2855 1022 2918 est.

36 3018 39 3023 .
143 2937 372 3003 Archilochum
394 2939 524 3022 proprio
546 2939 649 3003 rabies
673 2938 808 3002 armavit
829 2939 950 3005 iambo:

90 3042 125 3091 80
142 3024 238 3090 Hunc
260 3027 344 3091 socci
367 3048 477 3110 cepere
499 3027 611 3110 pedem
634 3027 1012 3112 grandesquecothurni,

143 3113 286 3178 Alternis
309 3118 420 3199 aptum
443 3115 641 3178 sermonibus
664 3119 697 3179 et
718 3115 889 3199 populares

143 3201 333 3266 Vincentem
356 3203 509 3285 strepitus
532 3206 565 3266 et
586 3206 696 3266 natum
719 3203 813 3267 rebus
836 3203 975 3288 agendis.

143 3289 237 3353 Musa
259 3289 346 3354 dedit
367 3290 485 3355 fidibus
508 3290 598 3354 divos
620 3312 797 3374 puerosque
821 3292 953 3356 deorum

143 3377 189 3440 Ilt
210 3377 352 3462 pugilem
374 3378 527 3442 victorem
550 3382 582 3442 et
604 3400 720 3462 equum
742 3379 914 3444 certamine
936 3380 1062 3465 primum

90 3480 125 3528 85
143 3465 188 3529 ut
210 3465 360 3529 iuvenum
383 3487 474 3531 curas
497 3470 530 3531 et
550 3466 652 3531 libera
672 3467 747 3530 vina
768 3467 896 3532 referre.

143 3553 327 3637 Descriptas
350 3575 475 3619 servare
498 3555 582 3618 vices
605 3576 799 3638 operumque
821 3555 957 3641 colores,
