2370 4028
496 176 693 231 CARMINVM

183 392 184 396 Ἰ
248 319 358 385 Donec
380 321 498 385 virenti
521 322 652 385 canities
676 321 766 385 abest

247 407 384 474 Morosa.
424 408 520 474 Nunc
543 413 576 474 et
598 432 729 494 campus
752 413 784 474 et
807 432 899 475 areae

290 497 456 582 Lenesque
479 498 539 562 sub
561 501 688 562 noctem
711 499 834 562 susurri

337 585 511 671 Conposita
533 590 717 670 repetantur
739 585 832 670 hora,

247 726 343 792 Nunc
366 731 398 792 et
420 727 550 791 latentis
572 727 718 811 proditor
740 728 854 792 intimo

250 814 368 880 Gratus
390 815 515 899 puellae
538 816 622 880 risus
645 815 684 880 ab
709 815 826 900 angulo

292 903 478 987 Pignusque
502 904 668 988 dereptum
690 903 817 968 lacertis

335 991 403 1056 Aut
426 991 528 1076 digito
550 992 633 1056 male
655 992 819 1076 pertinaci.

512 1205 672 1213 ..ι-

574 1360 614 1426 Χ

247 1483 386 1548 Mercuri
408 1484 557 1569 facunde,
580 1506 679 1568 nepos
702 1484 857 1571 Atlantis⁷

248 1571 311 1648 Qui
332 1572 417 1637 feros
441 1573 547 1637 cultus
569 1572 736 1638 hominurn
759 1579 924 1639 recentum

247 1658 336 1725 Voce
358 1661 505 1725 formasti
528 1665 618 1725 catus
641 1666 674 1726 et
697 1663 828 1728 decorae

289 1747 381 1814 More
403 1749 593 1834 palaestrae,

248 1889 293 1955 Te
316 1913 441 1974 canam,
463 1891 573 1974 magni
594 1889 681 1955 Iovis
704 1895 737 1956 et
759 1893 890 1956 deorum

246 1977 407 2044 Nuntium
430 2001 606 2062 curvaeque
628 1979 717 2062 lyrae
739 1985 916 2064 parentem,

248 2065 420 2150 Callidum,
443 2067 599 2150 quidquid
620 2068 755 2152 placuit,
777 2069 884 2134 iocoso

292 2154 433 2220 Condere
455 2155 551 2219 furto.

247 2295 306 2380 Te,
328 2295 426 2360 boves
450 2295 527 2359 olim
549 2297 612 2361 nisi
635 2297 825 2362 reddidisses

247 2384 310 2449 Per
332 2383 441 2447 dolum
464 2388 600 2469 amotas,
622 2407 757 2469 puerum
780 2386 898 2450 minaci

247 2472 334 2537 Voce
357 2472 434 2535 dum
456 2476 568 2557 terret,
590 2473 705 2537 viduus
728 2473 880 2558 pharetra

290 2560 378 2626 Risit
399 2559 526 2644 Apollo.

247 2701 332 2778 Quin
355 2705 388 2766 et
409 2700 540 2765 Atridas
564 2703 642 2766 duce
665 2705 697 2767 te
721 2704 874 2787 superbos

246 2789 307 2855 Ilio
331 2790 418 2855 dives
441 2789 588 2855 Priamus
611 2791 722 2856 relicto

248 2877 480 2963 Thessalosque
503 2879 594 2962 ignes
617 2882 650 2944 11
672 2880 783 2963 iniqua
804 2879 917 2945 Troiae

291 2965 403 3031 Castra
423 2967 546 3032 fefellit.

247 3108 296 3172 Tu
318 3109 388 3193 pias
410 3109 503 3174 laetis
527 3109 648 3172 animas
671 3110 799 3192 reponis

248 3195 383 3262 Sedibus
405 3198 558 3284 virgaque
580 3197 683 3262 levem
707 3196 854 3262 coherces

246 3285 354 3350 Aurea
376 3286 517 3370 turbam,
539 3286 663 3370 superis
687 3286 818 3350 deorum

293 3373 410 3439 Gratus
433 3378 465 3438 11
488 3374 570 3438 imis.

956 180 1054 252 [VIHI.
