2370 4028
412 199 704 256 ἸΡΙΙΟΙΙΕΙΙΟΜΕΝΑ.
1017 200 1069 255 XV

150 349 180 410 O.
202 350 367 410 Ι-ΙῙΠΠ,
397 350 479 409 Nota
501 350 662 410 Horatium
684 351 716 408 in
734 350 838 428 primis
856 369 963 410 novem
980 349 1069 408 huius

57 439 129 498 libri
146 439 302 515 poematis,
327 457 403 514 quae
426 441 496 497 sunt
519 439 598 498 inter
620 439 836 515 antiquissima,
858 438 981 497 diversis
1004 438 1069 496 ubi·

58 547 119 602 que
136 544 226 586 usum
245 545 308 586 esse
325 527 436 602 metris,
455 527 609 586 utstatim
627 527 693 604 ipsa
712 524 905 602 πολυμετρίᾳ
924 526 1070 585 lectorum

58 616 174 675 animos
200 615 294 691 lyrico
322 615 447 673 carmini
475 615 680 674 adsuefaceret
706 618 737 674 et
763 614 942 674 conciliaret.
982 613 1070 673 Nova

58 707 212 763 autemst
235 703 334 762 aliena
358 702 394 761 ab
412 702 466 777 his,
491 722 569 779 quae
591 704 622 761 in
640 704 743 762 limine
765 702 862 779 operis
884 702 995 778 posuit,
1019 701 1069 760 ad·

57 792 158 851 hibuit
178 795 330 868 quattuor,
352 810 413 850 non
435 791 532 866 plura,
556 794 586 850 et
605 791 725 867 quidem
744 791 923 851 carminibus
946 790 997 848 VI.
1027 791 1070 849 At
1158 862 1160 866 y

58 881 91 938 in
110 879 212 956 epodis
227 879 376 938 contrario
394 879 483 954 plane
501 879 623 939 modulo
638 879 802 940 delectatus
821 880 965 955 opuscula
978 879 1069 938 variis

59 968 219 1045 generibus
237 985 378 1027 versuum
396 968 565 1026 constantia
582 968 614 1025 in
634 968 776 1026 ultimum
797 968 914 1046 redegit
930 968 1070 1028 volumen

58 1056 147 1131 idem,
165 1056 311 1131 inprime
331 1055 489 1131 proposuit
507 1057 649 1132 exempla,
668 1060 698 1116 et
717 1056 837 1133 quidem
856 1056 965 1131 decem,
987 1055 1069 1114 nobi-

58 1144 168 1203 lissimi
190 1163 226 1203 ex
247 1143 350 1203 metris
372 1143 576 1203 Archilochiis.

149 1231 256 1307 Neque
286 1231 363 1290 illud
393 1235 505 1291 temere
536 1233 722 1308 institutum,
761 1232 842 1308 quod
874 1251 942 1291 eum
972 1231 1069 1308 primo

60 1321 191 1380 carmine
215 1320 411 1396 compellatus
434 1324 512 1380 esset
533 1321 701 1396 Maecenas,
730 1320 768 1378 ad
793 1340 882 1396 quem
906 1314 977 1379 data
998 1322 1070 1379 sunt

60 1408 161 1467 omnia
184 1407 304 1466 Horatii
333 1409 457 1484 scripta,
484 1409 646 1467 secundum
673 1408 844 1468 dedicatum
871 1412 916 1468 est
942 1408 1069 1483 Caesari,

61 1497 116 1572 qui
138 1499 205 1554 tum
226 1495 355 1555 maxime
377 1496 409 1554 id
430 1496 621 1572 moliebatur,
648 1500 685 1555 ut
711 1496 871 1572 imperium
892 1497 1068 1571 Romanum,

61 1584 143 1642 domi
166 1583 298 1658 bellique
316 1602 501 1658 concussum,
523 1584 696 1643 restitueret
714 1585 745 1642 in
763 1585 923 1662 integrum,
946 1585 1070 1643 tertium

59 1672 209 1749 Vergilio,
237 1675 395 1747 poetarum
416 1671 506 1729 huius
529 1673 651 1747 aetatis,
678 1675 715 1731 ut
736 1672 828 1749 vulgo
852 1671 1069 1747 existimabant,

60 1760 192 1836 principi
216 1763 247 1818 et
268 1759 389 1819 Horatii
411 1759 596 1819 amicissimo.

151 1847 174 1923 Ι,
191 1850 219 1923 1,
236 1849 330 1906 3-5.
359 1847 439 1905 Hlud
456 1850 539 1907 iacet
556 1847 659 1907 eadem
675 1848 822 1906 varietate
841 1848 1069 1906 constructionis

60 1936 204 2013 positum,
229 1954 289 2011 qua
311 1935 363 2010 IV,
384 1939 411 2011 1,
431 1938 569 1996 29—32.

151 2024 176 2099 Ι,
192 2026 220 2098 1,
236 2027 330 2084 7-9.
360 2022 394 2081 si
415 2024 610 2101 interpungas
632 2025 701 2099 post
723 2043 751 2082 v.
767 2025 799 2099 6,
823 2024 913 2082 verba
935 2025 1012 2082 hasac
1028 2055 1070 2064 —

61 2113 147 2172 illwm
160 2131 230 2170 oum
243 2131 302 2171 non
320 2112 435 2188 possint
452 2112 580 2188 pendere
599 2131 617 2170 a
634 2116 717 2171 iubat
735 2115 765 2171 et
784 2113 874 2171 evehit
890 2112 946 2186 vel,
965 2117 1001 2170 ut
1020 2112 1072 2170 alii

63 2201 248 2276 existimant,
281 2200 318 2258 ab
349 2201 437 2259 evehit
465 2199 528 2259 solo
558 2197 641 2277 (nam
669 2220 704 2258 ex
730 2201 886 2258 enuntiato
914 2199 1071 2259 subiuncto

62 2308 123 2347 non
150 2288 233 2363 licet,
262 2291 350 2364 puto,
377 2288 449 2346 haec
471 2288 628 2346 transferri
650 2288 689 2345 ad
711 2307 829 2347 sensum
853 2285 1071 2366 principalem),

64 2394 120 2453 ego
144 2379 263 2435 secutus
281 2376 475 2453 Rutgersium
492 2375 765 2453 interpungendum
783 2376 854 2434 duxi
872 2379 942 2451 post
959 2379 1071 2436 nobilis.

63 2465 105 2522 Et
137 2467 182 2523 est
214 2464 362 2539 quaedam
389 2464 526 2524 subtilior
553 2463 644 2539 ratio,
677 2483 730 2522 eur
758 2484 775 2522 a
803 2464 925 2522 consilio
952 2463 1073 2523 Horatii

62 2552 204 2610 videatur
226 2553 356 2610 alienum
378 2552 458 2610 trahi
480 2571 507 2611 v.
528 2553 546 2611 6
571 2552 610 2609 ad
629 2553 791 2628 superiora,
816 2552 852 2609 de
876 2570 937 2626 qua
959 2552 1073 2610 dictum

62 2641 95 2698 in
119 2640 248 2699 editione
270 2640 390 2698 maiore.

152 2728 176 2803 Ι,
201 2730 229 2803 2,
254 2730 369 2787 9—12.
405 2728 490 2786 Hanc
518 2729 671 2804 stropham
694 2731 729 2786 ut
753 2725 873 2802 Ovidio,
901 2728 980 2786 unde
1003 2747 1072 2804 pars

65 2816 129 2875 eius
152 2819 273 2892 sumpta
292 2819 337 2873 est
357 2813 489 2891 (Metam.
503 2817 526 2891 Ι,
543 2813 629 2894 296),
654 2835 745 2892 quam
762 2815 889 2875 Horatio
908 2816 1073 2893 digniorem

65 2904 205 2963 damnari
228 2923 295 2962 cum
317 2903 409 2961 Perlc.
434 2910 464 2963 et
485 2905 573 2963 Mein.

153 2993 176 3068 Ι,
198 2994 341 3068 2,21sq.
378 2993 478 3051 audiet
503 2995 577 3052 cives
605 2994 717 3051 acuisse
739 2993 863 3068 ferrum,
892 3009 946 3066 qao
967 3011 1073 3065 preces

64 3081 172 3140 Persae
189 3082 292 3139 melius
310 3082 448 3154 perirent.
487 3079 561 3139 Cum
578 3100 638 3139 non
656 3080 751 3154 possit
769 3081 888 3139 silentio
906 3081 1071 3157 praeteriri,

64 3170 97 3227 in
130 3187 232 3244 quem·
250 3169 362 3227 ferrum
394 3168 528 3226 acuerint
560 3170 637 3227 cives
667 3169 806 3242 Romani,
839 3168 891 3226 alii
919 3169 979 3226 aha
1005 3189 1072 3245 pro·

64 3258 210 3315 tulerunt.
262 3257 308 3314 Ex
340 3256 448 3331 quibus
479 3256 553 3314 mihi
583 3257 710 3314 maxime
741 3257 887 3332 probatur
917 3256 1011 3332 Ieepii
1042 3260 1073 3316 et

64 3345 210 3422 Madvigii
237 3345 404 3420 inventum,
435 3344 486 3419 qui
513 3345 695 3418 scripserunt
716 3347 851 3420 rapuisse
874 3363 927 3420 pro
951 3348 1071 3405 acuisse.

63 3433 107 3491 At
128 3433 277 3510 Bergkius
300 3435 424 3493 iacuisse
446 3434 532 3510 ferro,
557 3433 627 3492 olim
649 3451 702 3492 nos
726 3434 859 3491 cecidisse
881 3435 967 3506 ferro.
1014 3433 1072 3492 Sed

63 3541 132 3581 cum
159 3539 219 3580 non
247 3522 286 3580 sit
313 3520 507 3597 improbabile
535 3524 604 3580 ante
632 3540 658 3579 v.
680 3523 719 3579 21
749 3521 902 3598 stropham
924 3522 1070 3598 haustam,
