2370 4028
21 223 113 296 um]
381 221 552 276 amram.
930 221 972 286 87

96 367 289 450 Plerumque
313 369 422 450 gratae
446 366 600 431 divitibus
623 367 709 431 vices

96 455 298 539 Mundaeque
320 476 418 538 parvo
442 455 501 519 sub
524 455 591 519 lare
613 475 789 538 pauperum

142 542 244 608 Cenae
267 543 336 607 sine
359 543 478 607 aulaeis
502 547 534 607 et
557 546 644 607 ostro
940 556 972 605 15

186 631 364 697 Sollicitam
388 631 567 714 explicuere
589 631 737 695 frontem.

96 789 165 854 Iam
188 790 311 854 †clarus
335 789 496 854 occultum
519 787 742 854 Andromedae
764 789 856 871 pater

98 877 247 944 Ostendit
269 879 390 962 ignem,
413 877 477 941 iam
499 876 647 962 Procyon
670 876 750 940 furit

140 967 186 1031 Et
209 966 302 1031 stella
323 966 433 1030 vesani
454 964 572 1030 Leonis

186 1053 259 1119 Sole
283 1054 349 1118 dies
372 1053 528 1118 referente
551 1054 666 1138 siccos3

96 1203 166 1268 Iam
188 1207 299 1286 pastor
320 1202 451 1266 umbras
474 1225 547 1268 cum
570 1223 666 1288 grege
689 1201 841 1287 languido

95 1292 277 1376 Rivumque
300 1291 403 1355 fessus
428 1292 552 1375 quaerit
575 1297 608 1357 et
629 1290 753 1356 horridi

139 1380 279 1444 Dumeta
303 1378 437 1464 Silvani,
460 1384 608 1464 caretque

183 1467 268 1551 Ripa
289 1467 380 1552 vagis
403 1468 563 1532 taciturna
584 1468 698 1532 ventis.

95 1618 145 1683 Tu
169 1617 331 1683 civitatem
355 1617 427 1701 quis
451 1617 560 1682 deceat
582 1621 686 1682 status

97 1705 197 1771 Cures
220 1711 252 1771 et
275 1705 347 1769 urbi
371 1705 528 1770 sollicitus
551 1707 660 1791 timec,

142 1794 225 1872 Quid
249 1792 341 1859 Seres
365 1797 397 1857 et
419 1798 552 1878 regnata
575 1793 659 1879 Cyro

183 1882 300 1947 Bactra
322 1887 435 1965 parent
457 1880 636 1967 Tanaisque
660 1883 789 1948 discors.

94 2032 239 2097 Prudens
262 2031 364 2096 futuri
387 2032 541 2114 temporis
565 2032 687 2096 exitum

96 2119 279 2206 caliginosa
301 2123 394 2184 nocte
416 2120 534 2202 premit
557 2120 647 2205 deus,

138 2209 297 2292 Ridetque
321 2209 349 2272 si
371 2207 517 2272 mortalis
540 2208 626 2272 ultra

183 2296 246 2362 Pas
269 2296 416 2380 trepidat.
458 2295 549 2373 Quod
573 2297 662 2361 adest
684 2299 843 2362 memento

95 2445 280 2530 Conponere
304 2467 437 2530 aequus3
461 2450 565 2510 cetera
587 2446 728 2511 fluminis

94 2535 173 2599 Ritu
195 2534 355 2617 feruntur,
378 2555 463 2598 nunc
485 2534 590 2598 medio
613 2534 703 2599 alveo

139 2621 219 2687 Cum
242 2643 319 2705 pace
343 2621 519 2686 delabentis
541 2621 715 2687 Etruscum

182 2709 220 2774 In
243 2731 343 2794 mare,
366 2731 451 2774 nuno
473 2710 595 2794 lapides
619 2711 730 2775 adesos

94 2860 281 2945 stirpesque
303 2865 411 2944 raptas
435 2865 467 2925 et
488 2882 584 2944 pecus
608 2863 640 2924 et
663 2860 777 2941 domos,

93 2949 261 3014 Volventis
285 2970 349 3013 una
371 2970 436 3012 non
459 2949 527 3013 sine
550 2948 708 3012 montium

138 3036 283 3102 Clamore
305 3037 491 3120 vicinaeque
514 3037 626 3119 silvae,

182 3124 262 3190 Cum
284 3125 353 3189 fera
375 3125 510 3190 diluvies
534 3125 659 3208 quietos

90 3272 204 3338 Irritat
227 3296 343 3338 amnes.
384 3272 443 3338 Ille
465 3277 580 3358 potens
604 3275 653 3339 sui

89 3362 272 3446 Luctusque
296 3363 403 3447 deget,
426 3363 477 3427 cui
499 3362 576 3426 licet
598 3363 632 3427 in
655 3364 739 3428 diem

135 3451 264 3516 Dixisse
288 3451 379 3515 euiui:
403 3473 472 3515 cras
494 3450 547 3514 vel
569 3455 639 3516 atra

178 3538 274 3604 Nube
296 3539 407 3622 polum
429 3544 521 3623 pater
544 3544 698 3625 occupato
