2370 4028
27 237 71 308 1.]
289 237 487 294 CARMINVM
504 239 613 294 LIBER
631 241 691 295 IIII.
950 243 991 308 91

91 379 164 446 Illic
186 380 237 445 bis
260 382 351 465 pueri
376 381 425 446 die
928 389 932 399 ’
959 403 992 452 25

135 468 264 534 Numen
288 491 360 534 eum
383 470 502 535 teneris
524 471 704 556 virginibus
728 477 820 537 tuum

90 556 273 622 Laudantes
295 559 375 642 pede
399 558 533 623 candido

136 644 175 710 In
197 668 319 710 morem
344 645 467 711 Salium
491 650 540 711 ter
564 648 709 731 quatient
731 648 874 714 humum.

90 794 144 859 Me
167 817 225 860 nee
247 795 367 859 femina
389 817 448 860 neo
470 817 550 879 puer

136 881 205 946 Iam
228 905 286 947 neo
310 905 382 966 spes
406 884 505 948 animi
528 883 657 949 credula
678 884 784 949 mutui
958 902 992 950 30

90 970 160 1037 Neo
183 975 304 1035 certare
326 972 416 1036 iuvat
438 994 526 1037 mero

134 1058 204 1124 Neo
226 1058 347 1124 vincire
369 1060 461 1124 novis
485 1065 630 1144 tempora
652 1061 794 1125 floribus.

93 1206 156 1273 Sed
179 1229 236 1272 our
257 1207 334 1292 heu,
357 1207 524 1293 Ligurine,
548 1231 604 1273 our

136 1294 247 1360 Manat
269 1318 341 1359 rara
363 1318 451 1360 meas
473 1297 605 1362 lacrima
627 1319 685 1382 per
707 1297 827 1382 genas?

92 1383 157 1449 Gur
177 1384 314 1449 facunda
337 1406 450 1468 parum
474 1385 587 1450 decoro
957 1403 991 1452 35

135 1471 224 1537 Inter
247 1473 344 1537 verba
367 1473 452 1537 eadit
474 1472 586 1559 lingua
609 1473 760 1538 silentio?

90 1621 267 1688 Nocturnis
291 1644 351 1708 ego
374 1622 508 1687 somniis

135 1709 204 1775 Iam
228 1714 357 1796 captum
380 1714 487 1793 teneo,
509 1709 573 1774 iam
596 1711 759 1776 volucrem
783 1733 899 1796 sequor

92 1798 137 1864 Te
159 1822 217 1883 per
240 1799 385 1884 gramina
406 1797 517 1862 Martii

137 1886 263 1973 Campi,
285 1892 317 1953 te
340 1910 397 1972 per
420 1909 532 1971 aquas,
555 1886 646 1970 dure,
668 1885 835 1951 volubiles.
956 1905 990 1952 40

467 2332 508 2398 H.

140 2459 315 2524 Pindarum
338 2457 484 2542 quisquis
508 2457 615 2521 studet
639 2458 805 2542 aemulari,

140 2546 240 2632 †Iule,
264 2546 378 2612 aeratis
402 2568 461 2630 ope
484 2545 644 2610 Daedalea

140 2635 267 2701 Nititur
289 2634 397 2718 pinnis
419 2635 522 2699 vitreo
546 2633 678 2698 daturus

183 2723 324 2789 Nomina
347 2726 455 2807 ponto.

139 2872 251 2937 Monte
274 2872 443 2936 decurrens
466 2872 556 2936 velut
579 2870 695 2954 amnis,
717 2870 837 2935 imbres
976 2887 991 2934 5

141 2960 243 3036 Quem
266 2964 478 3044 supernates
501 2960 607 3024 aluere
630 2959 730 3042 ripas,

139 3048 255 3113 Fervet
278 3048 505 3132 inmensusque
528 3049 594 3112 ruit
617 3046 775 3130 profundo

183 3136 342 3200 Pindarus
366 3157 433 3220 ore,

138 3285 262 3350 Laurea
285 3284 451 3350 donandus
474 3282 670 3368 Apollinari,

140 3372 204 3438 Seu
226 3397 284 3458 per
307 3375 441 3439 audaces
465 3395 547 3438 nova
570 3371 793 3456 dithyrambos
959 3386 992 3434 10

139 3460 249 3526 Verba
272 3462 413 3527 devolvit
436 3461 641 3545 numerisque
663 3459 766 3525 fertur

182 3549 269 3636 Lege
291 3551 421 3635 solutis,
