2370 4028
322 801 864 901 SATVRARVM

456 973 564 1027 arnna
582 971 726 1028 ramus

576 1132 601 1198 1.

141 1259 203 1335 Qui
225 1258 276 1342 fit,
298 1257 478 1342 Maecenas,
500 1261 537 1322 ut
555 1279 662 1341 nemo,
686 1279 782 1340 quam
806 1258 869 1322 sibi
890 1257 978 1322 soram

141 1345 204 1410 Seu
227 1347 309 1410 ratic
333 1347 454 1410 dederit
477 1368 533 1410 seu
556 1346 623 1411 fors
647 1345 812 1430 obiecerit,
835 1345 889 1410 ille
994 1404 999 1413 .

141 1433 317 1499 Contentus
339 1435 440 1518 vivat,
462 1434 571 1499 laudet
594 1434 720 1498 diversa
741 1431 927 1516 sequentes?

141 1519 179 1586 ‘0
202 1522 358 1587 fortunati
380 1522 601 1586 mercatoresl’
625 1521 731 1606 gravis
754 1523 865 1586 †annis

106 1626 121 1674 5
140 1609 233 1675 Miles
257 1612 315 1695 ait,
337 1610 440 1675 multo
464 1611 528 1675 iam
550 1610 671 1674 fractus
693 1609 838 1673 membra
857 1608 958 1674 labore.

140 1697 259 1762 Contra
280 1702 451 1783 mercator,
474 1699 581 1762 navim
604 1697 798 1762 iactantibus
820 1696 951 1778 Austris,

141 1786 300 1851 ‘militiast
322 1787 437 1871 potior.
479 1785 563 1862 Quid
586 1785 691 1850 enim?
733 1783 945 1868 Concurritur3
959 1779 1013 1843 lor!

139 1873 303 1939 Momento
326 1875 391 1939 cita
412 1896 499 1938 mors
521 1874 609 1938 venit
632 1876 688 1938 aut
709 1873 845 1939 victoria
865 1869 956 1938 laeta’

139 1961 324 2048 Agricolam
346 1962 456 2026 laudat
478 1962 557 2027 iuris
579 1961 751 2046 legumque
773 1962 910 2045 peritus,

88 2068 121 2115 10
140 2050 206 2115 Sub
230 2051 308 2135 galli
331 2054 460 2115 cantum
482 2050 645 2114 consultor
667 2049 724 2114 ubi
747 2050 831 2114 ostia
852 2049 956 2134 pulsat

139 2137 212 2222 Ille,
236 2139 319 2203 datis
341 2138 476 2202 vadibus
500 2138 555 2221 qui
577 2159 650 2201 rure
673 2139 837 2202 extractus
859 2137 893 2202 in
913 2122 1022 2203 urbtffiu

141 2225 234 2290 Solos
257 2224 365 2289 felices
387 2225 531 2290 viventes
554 2224 671 2289 clamat
693 2225 727 2289 in
749 2225 838 2289 urbe.
1018 2210 1022 2257 ¹

140 2313 253 2379 Cetera
275 2313 313 2377 de
336 2333 450 2398 genere
472 2313 534 2378 hoc
557 2310 650 2399 (adeo
673 2316 749 2378 sunt
770 2310 887 2399 multa)
908 2311 1022 2394 loquum

138 2400 307 2466 Delassare
329 2402 437 2466 velent
458 2399 602 2465 Fabium.
641 2399 692 2466 Ne
715 2404 748 2465 te
770 2422 890 2486 morer,
911 2395 979 2476 audi,

88 2506 120 2555 15
139 2489 209 2566 Quo
232 2511 299 2554 rem
323 2490 484 2555 deducam.
525 2488 633 2572 Siquis
657 2489 734 2553 deus
757 2488 821 2553 ‘En
844 2488 926 2574 ego't
946 2477 1005 2555 dd,

140 2577 220 2641 ‘Iam
242 2578 357 2642 faciam
381 2578 466 2661 quod
488 2577 600 2661 voltis3
626 2577 688 2641 eris
711 2580 760 2660 tu,
787 2577 844 2660 qui
865 2575 954 2641 modo
968 2558 1022 2635 iffi

138 2665 311 2750 Mercator;
333 2670 384 2751 tu,
407 2664 570 2730 consultus
593 2665 702 2749 modo,
723 2665 878 2730 rusticus:
899 2663 965 2729 hinc
978 2667 1017 2727 rc,

139 2752 206 2819 Vos
228 2753 305 2818 hinc
326 2754 460 2818 mutatis
483 2753 634 2818 discedite
657 2751 812 2837 partibus.
853 2752 926 2818 Eiet

139 2840 223 2917 Quid
245 2842 377 2907 statisl'
400 2840 511 2906 nolint.
551 2840 654 2924 Atqui
676 2841 752 2905 licet
774 2861 843 2905 esse
866 2839 967 2906 beatis.

87 2948 121 2996 20
140 2928 223 3006 Quid
246 2934 402 3014 causaest,
425 2929 540 2993 merito
564 2929 642 3012 quin
664 2928 729 2992 illis
752 2925 899 3012 Iuppiter
920 2924 1000 2993 amba

139 3017 244 3083 Iratus
266 3018 382 3082 buccas
404 3017 495 3082 inflet
516 3039 619 3100 neque
643 3039 676 3081 se
699 3016 767 3081 fore
790 3016 926 3100 posthac

139 3105 218 3169 ‘Pam
241 3106 366 3170 facilem
391 3106 488 3189 dicat,
510 3105 594 3170 votis
617 3108 654 3168 ut
675 3104 827 3188 praebeat
849 3101 972 3171 aurem?

139 3192 306 3258 Praeterea
328 3217 368 3259 ne
391 3194 450 3277 sic,
472 3196 510 3257 ut
532 3193 588 3276 qui
610 3192 775 3277 iocularia,
798 3191 906 3258 ridens

138 3280 325 3345 Percurram
348 3279 556 3368 (quamquam
579 3281 735 3345 ridentem
759 3280 864 3346 dicere
886 3299 1012 3371 verum¹

87 3386 120 3435 25
140 3367 223 3445 Quid
245 3369 352 3434 vetat?
376 3373 412 3434 ut
434 3370 542 3454 pueris
566 3369 643 3432 clim
667 3369 744 3432 dant
766 3369 911 3434 crustula
932 3358 1015 3433 blnt

137 3457 306 3543 Doctores,
330 3457 485 3522 elementa
506 3457 608 3522 velint
630 3460 667 3520 ut
690 3457 811 3522 discere
833 3459 951 3544 prima3
