<?xml version="1.0" encoding="UTF-8"?>
<!DOCTYPE html PUBLIC "-//W3C//DTD XHTML 1.0 Transitional//EN"
    "http://www.w3.org/TR/xhtml1/DTD/xhtml1-transitional.dtd">
<html xmlns="http://www.w3.org/1999/xhtml" xml:lang="en" lang="en">
 <head>
  <title>
</title>
<meta http-equiv="Content-Type" content="text/html;charset=utf-8" />
  <meta name='ocr-system' content='tesseract 3.04.00' />
  <meta name='ocr-capabilities' content='ocr_page ocr_carea ocr_par ocr_line ocrx_word'/>
</head>
<body>
  <div class='ocr_page' id='page_1' title='image "./qhoratiusflacci01horagoog_0297.png"; bbox 0 0 2370 4028; ppageno 0'>
   <div class='ocr_carea' id='block_1_1' title="bbox 155 216 787 284">
    <p class='ocr_par' dir='ltr' id='par_1_1' title="bbox 155 216 787 284">
     <span class='ocr_line' id='line_1_1' title="bbox 155 216 787 284; baseline 0 -13"><span class='ocrx_word' id='word_1_1' title='bbox 155 219 220 284; x_wconf 75' lang='grc'><strong>236</strong></span> <span class='ocrx_word' id='word_1_2' title='bbox 530 216 787 272; x_wconf 79' lang='lat' dir='ltr'><strong>EPISTVLARVM</strong></span> 
     </span>
    </p>
   </div>
   <div class='ocr_carea' id='block_1_2' title="bbox 38 358 1106 3349">
    <p class='ocr_par' dir='ltr' id='par_1_2' title="bbox 155 358 845 444">
     <span class='ocr_line' id='line_1_2' title="bbox 155 358 845 444; baseline -0.004 -17"><span class='ocrx_word' id='word_1_3' title='bbox 155 361 291 427; x_wconf 87' lang='lat' dir='ltr'><strong>Levabit</strong></span> <span class='ocrx_word' id='word_1_4' title='bbox 312 360 414 444; x_wconf 91' lang='lat' dir='ltr'><strong>cultu,</strong></span> <span class='ocrx_word' id='word_1_5' title='bbox 436 360 556 425; x_wconf 88' lang='lat' dir='ltr'><strong>virtute</strong></span> <span class='ocrx_word' id='word_1_6' title='bbox 579 360 719 425; x_wconf 89' lang='lat' dir='ltr'><strong>carentia</strong></span> <span class='ocrx_word' id='word_1_7' title='bbox 739 358 845 443; x_wconf 90' lang='lat' dir='ltr'><strong>tollet,</strong></span> 
     </span>
    </p>

    <p class='ocr_par' dir='ltr' id='par_1_3' title="bbox 87 447 1053 708">
     <span class='ocr_line' id='line_1_3' title="bbox 155 447 1012 532; baseline -0.005 -17"><span class='ocrx_word' id='word_1_8' title='bbox 155 449 311 514; x_wconf 87' lang='lat' dir='ltr'><strong>Ludentis</strong></span> <span class='ocrx_word' id='word_1_9' title='bbox 334 448 472 531; x_wconf 91' lang='lat' dir='ltr'><strong>speciem</strong></span> <span class='ocrx_word' id='word_1_10' title='bbox 495 448 584 513; x_wconf 92' lang='lat' dir='ltr'><strong>dabit</strong></span> <span class='ocrx_word' id='word_1_11' title='bbox 606 452 638 513; x_wconf 90' lang='lat' dir='ltr'><strong>et</strong></span> <span class='ocrx_word' id='word_1_12' title='bbox 659 447 876 532; x_wconf 75' lang='lat' dir='ltr'><strong>torquebitur,</strong></span> <span class='ocrx_word' id='word_1_13' title='bbox 899 452 938 513; x_wconf 96' lang='lat' dir='ltr'><strong>ut</strong></span> <span class='ocrx_word' id='word_1_14' title='bbox 960 448 1012 531; x_wconf 86' lang='lat' dir='ltr'><strong>qui</strong></span> 
     </span>
     <span class='ocr_line' id='line_1_4' title="bbox 87 534 1053 621; baseline -0.006 -17"><span class='ocrx_word' id='word_1_15' title='bbox 87 555 138 604; x_wconf 80' lang='lat'><strong>125</strong></span> <span class='ocrx_word' id='word_1_16' title='bbox 156 537 252 604; x_wconf 89' lang='lat' dir='ltr'><strong>Nunc</strong></span> <span class='ocrx_word' id='word_1_17' title='bbox 275 535 439 620; x_wconf 77' lang='lat' dir='ltr'><strong>Satyrum,</strong></span> <span class='ocrx_word' id='word_1_18' title='bbox 462 557 547 602; x_wconf 89' lang='lat' dir='ltr'><strong>nunc</strong></span> <span class='ocrx_word' id='word_1_19' title='bbox 570 539 728 621; x_wconf 78' lang='lat' dir='ltr'><strong>agrestem</strong></span> <span class='ocrx_word' id='word_1_20' title='bbox 751 534 892 620; x_wconf 75' lang='lat' dir='ltr'><strong>Cyclopa</strong></span> <span class='ocrx_word' id='word_1_21' title='bbox 913 540 1053 601; x_wconf 87' lang='lat' dir='ltr'><strong>movetur.</strong></span> 
     </span>
     <span class='ocr_line' id='line_1_5' title="bbox 156 622 980 708; baseline -0.004 -17"><span class='ocrx_word' id='word_1_22' title='bbox 156 625 368 691; x_wconf 79' lang='lat' dir='ltr'><strong>Praetulerim</strong></span> <span class='ocrx_word' id='word_1_23' title='bbox 391 624 528 708; x_wconf 78' lang='lat' dir='ltr'><strong>scriptor</strong></span> <span class='ocrx_word' id='word_1_24' title='bbox 550 624 669 689; x_wconf 89' lang='lat' dir='ltr'><strong>delirus</strong></span> <span class='ocrx_word' id='word_1_25' title='bbox 691 624 843 707; x_wconf 89' lang='lat' dir='ltr'><strong>inersque</strong></span> <span class='ocrx_word' id='word_1_26' title='bbox 864 622 980 708; x_wconf 85' lang='lat' dir='ltr'><strong>videri,</strong></span> 
     </span>
    </p>

    <p class='ocr_par' dir='ltr' id='par_1_4' title="bbox 109 711 1106 973">
     <span class='ocr_line' id='line_1_6' title="bbox 109 711 1106 796; baseline -0.004 -17"><span class='ocrx_word' id='word_1_27' title='bbox 109 775 111 778; x_wconf 79' lang='grc'>,</span> <span class='ocrx_word' id='word_1_28' title='bbox 156 714 243 779; x_wconf 91' lang='lat' dir='ltr'><strong>Dum</strong></span> <span class='ocrx_word' id='word_1_29' title='bbox 266 735 338 777; x_wconf 89' lang='lat' dir='ltr'><strong>mea</strong></span> <span class='ocrx_word' id='word_1_30' title='bbox 360 712 518 777; x_wconf 85' lang='lat' dir='ltr'><strong>delectent</strong></span> <span class='ocrx_word' id='word_1_31' title='bbox 540 712 634 778; x_wconf 87' lang='lat' dir='ltr'><strong>mala·</strong></span> <span class='ocrx_word' id='word_1_32' title='bbox 646 734 697 777; x_wconf 90' lang='lat' dir='ltr'><strong>me</strong></span> <span class='ocrx_word' id='word_1_33' title='bbox 720 711 772 776; x_wconf 85' lang='lat' dir='ltr'><strong>vel</strong></span> <span class='ocrx_word' id='word_1_34' title='bbox 793 711 932 796; x_wconf 90' lang='lat' dir='ltr'><strong>denique</strong></span> <span class='ocrx_word' id='word_1_35' title='bbox 953 711 1062 795; x_wconf 87' lang='lat' dir='ltr'><strong>fallant,</strong></span> <span class='ocrx_word' id='word_1_36' title='bbox 1104 738 1106 742; x_wconf 51' lang='lat'><em>⁴</em></span> 
     </span>
     <span class='ocr_line' id='line_1_7' title="bbox 158 799 1074 886; baseline -0.001 -20"><span class='ocrx_word' id='word_1_37' title='bbox 158 801 260 878; x_wconf 85' lang='lat' dir='ltr'><strong>Quam</strong></span> <span class='ocrx_word' id='word_1_38' title='bbox 283 822 394 885; x_wconf 85' lang='lat' dir='ltr'><strong>sapere</strong></span> <span class='ocrx_word' id='word_1_39' title='bbox 416 805 449 865; x_wconf 91' lang='lat' dir='ltr'><strong>et</strong></span> <span class='ocrx_word' id='word_1_40' title='bbox 470 801 564 886; x_wconf 89' lang='lat' dir='ltr'><strong>ringi.</strong></span> <span class='ocrx_word' id='word_1_41' title='bbox 603 799 680 864; x_wconf 73' lang='lat' dir='ltr'><strong>Fuit</strong></span> <span class='ocrx_word' id='word_1_42' title='bbox 701 799 788 863; x_wconf 89' lang='lat' dir='ltr'><strong>haud</strong></span> <span class='ocrx_word' id='word_1_43' title='bbox 809 799 964 884; x_wconf 88' lang='lat' dir='ltr'><strong>ignobilis</strong></span> <span class='ocrx_word' id='word_1_44' title='bbox 985 799 1074 885; x_wconf 81' lang='lat' dir='ltr'><strong>Argis,</strong></span> 
     </span>
     <span class='ocr_line' id='line_1_8' title="bbox 158 887 893 973; baseline -0.003 -19"><span class='ocrx_word' id='word_1_45' title='bbox 158 889 220 966; x_wconf 80' lang='lat' dir='ltr'><strong>Qui</strong></span> <span class='ocrx_word' id='word_1_46' title='bbox 243 911 277 954; x_wconf 92' lang='lat' dir='ltr'><strong>se</strong></span> <span class='ocrx_word' id='word_1_47' title='bbox 300 888 448 954; x_wconf 88' lang='lat' dir='ltr'><strong>credebat</strong></span> <span class='ocrx_word' id='word_1_48' title='bbox 469 889 568 953; x_wconf 90' lang='lat' dir='ltr'><strong>miros</strong></span> <span class='ocrx_word' id='word_1_49' title='bbox 591 887 700 953; x_wconf 87' lang='lat' dir='ltr'><strong>audire</strong></span> <span class='ocrx_word' id='word_1_50' title='bbox 722 887 893 973; x_wconf 85' lang='lat' dir='ltr'><strong>tragoedos</strong></span> 
     </span>
    </p>

    <p class='ocr_par' dir='ltr' id='par_1_5' title="bbox 89 974 949 1149">
     <span class='ocr_line' id='line_1_9' title="bbox 89 974 949 1060; baseline -0.003 -17"><span class='ocrx_word' id='word_1_51' title='bbox 89 977 196 1043; x_wconf 80' lang='grc'><strong>130111</strong></span> <span class='ocrx_word' id='word_1_52' title='bbox 218 997 318 1042; x_wconf 84' lang='lat' dir='ltr'><strong>vacuo</strong></span> <span class='ocrx_word' id='word_1_53' title='bbox 340 977 443 1040; x_wconf 90' lang='lat' dir='ltr'><strong>laetus</strong></span> <span class='ocrx_word' id='word_1_54' title='bbox 466 997 571 1041; x_wconf 87' lang='lat' dir='ltr'><strong>sessor</strong></span> <span class='ocrx_word' id='word_1_55' title='bbox 592 975 786 1059; x_wconf 85' lang='lat' dir='ltr'><strong>plausorque</strong></span> <span class='ocrx_word' id='word_1_56' title='bbox 807 974 949 1060; x_wconf 86' lang='lat' dir='ltr'><strong>theatro,</strong></span> 
     </span>
     <span class='ocr_line' id='line_1_10' title="bbox 159 1064 906 1149; baseline -0.003 -18"><span class='ocrx_word' id='word_1_57' title='bbox 159 1064 270 1131; x_wconf 78' lang='lat' dir='ltr'><strong>Cetera</strong></span> <span class='ocrx_word' id='word_1_58' title='bbox 293 1064 349 1149; x_wconf 91' lang='lat' dir='ltr'><strong>qui</strong></span> <span class='ocrx_word' id='word_1_59' title='bbox 371 1065 456 1128; x_wconf 82' lang='lat' dir='ltr'><strong>ritae</strong></span> <span class='ocrx_word' id='word_1_60' title='bbox 479 1067 619 1128; x_wconf 84' lang='lat' dir='ltr'><strong>servaret</strong></span> <span class='ocrx_word' id='word_1_61' title='bbox 640 1064 751 1127; x_wconf 89' lang='lat' dir='ltr'><strong>munia</strong></span> <span class='ocrx_word' id='word_1_62' title='bbox 771 1067 859 1129; x_wconf 90' lang='lat' dir='ltr'><strong>recto</strong></span> <span class='ocrx_word' id='word_1_63' title='bbox 903 1091 906 1096; x_wconf 60' lang='grc'>’</span> 
     </span>
    </p>

    <p class='ocr_par' dir='ltr' id='par_1_6' title="bbox 156 1151 1009 1414">
     <span class='ocr_line' id='line_1_11' title="bbox 157 1151 969 1238; baseline -0.002 -20"><span class='ocrx_word' id='word_1_64' title='bbox 157 1153 260 1238; x_wconf 89' lang='lat' dir='ltr'><strong>More,</strong></span> <span class='ocrx_word' id='word_1_65' title='bbox 282 1153 386 1217; x_wconf 89' lang='lat' dir='ltr'><strong>bonus</strong></span> <span class='ocrx_word' id='word_1_66' title='bbox 409 1173 485 1216; x_wconf 87' lang='lat' dir='ltr'><strong>sane</strong></span> <span class='ocrx_word' id='word_1_67' title='bbox 507 1152 644 1236; x_wconf 81' lang='lat' dir='ltr'><strong>vicinus,</strong></span> <span class='ocrx_word' id='word_1_68' title='bbox 668 1151 814 1216; x_wconf 86' lang='lat' dir='ltr'><strong>amabilis</strong></span> <span class='ocrx_word' id='word_1_69' title='bbox 837 1151 969 1237; x_wconf 83' lang='lat' dir='ltr'><strong>hospes,</strong></span> 
     </span>
     <span class='ocr_line' id='line_1_12' title="bbox 158 1240 1009 1324; baseline 0 -18"><span class='ocrx_word' id='word_1_70' title='bbox 158 1240 266 1306; x_wconf 79' lang='lat' dir='ltr'><strong>(lomis</strong></span> <span class='ocrx_word' id='word_1_71' title='bbox 287 1241 322 1305; x_wconf 91' lang='lat' dir='ltr'><strong>in</strong></span> <span class='ocrx_word' id='word_1_72' title='bbox 344 1261 490 1324; x_wconf 86' lang='lat' dir='ltr'><strong>uxorem,</strong></span> <span class='ocrx_word' id='word_1_73' title='bbox 512 1244 622 1323; x_wconf 90' lang='lat' dir='ltr'><strong>posset</strong></span> <span class='ocrx_word' id='word_1_74' title='bbox 644 1240 700 1323; x_wconf 95' lang='lat' dir='ltr'><strong>qui</strong></span> <span class='ocrx_word' id='word_1_75' title='bbox 722 1240 887 1324; x_wconf 76' lang='lat' dir='ltr'><strong>ignoscere</strong></span> <span class='ocrx_word' id='word_1_76' title='bbox 912 1241 1009 1306; x_wconf 84' lang='lat' dir='ltr'><strong>serris</strong></span> 
     </span>
     <span class='ocr_line' id='line_1_13' title="bbox 156 1327 864 1414; baseline -0.001 -21"><span class='ocrx_word' id='word_1_77' title='bbox 156 1329 202 1393; x_wconf 77' lang='lat' dir='ltr'><strong>ut</strong></span> <span class='ocrx_word' id='word_1_78' title='bbox 224 1329 317 1414; x_wconf 88' lang='lat' dir='ltr'><strong>signo</strong></span> <span class='ocrx_word' id='word_1_79' title='bbox 339 1328 426 1392; x_wconf 88' lang='lat' dir='ltr'><strong>laeso</strong></span> <span class='ocrx_word' id='word_1_80' title='bbox 449 1349 514 1392; x_wconf 89' lang='lat' dir='ltr'><strong>non</strong></span> <span class='ocrx_word' id='word_1_81' title='bbox 536 1327 676 1392; x_wconf 88' lang='lat' dir='ltr'><strong>insanire</strong></span> <span class='ocrx_word' id='word_1_82' title='bbox 697 1327 864 1412; x_wconf 88' lang='lat' dir='ltr'><strong>lagoenae,</strong></span> 
     </span>
    </p>

    <p class='ocr_par' dir='ltr' id='par_1_7' title="bbox 88 1415 1013 1765">
     <span class='ocr_line' id='line_1_14' title="bbox 88 1415 1013 1500; baseline -0.002 -18"><span class='ocrx_word' id='word_1_83' title='bbox 88 1433 139 1483; x_wconf 77' lang='lat'><strong>135</strong></span> <span class='ocrx_word' id='word_1_84' title='bbox 157 1416 273 1481; x_wconf 89' lang='lat' dir='ltr'><strong>Posset</strong></span> <span class='ocrx_word' id='word_1_85' title='bbox 295 1415 351 1500; x_wconf 92' lang='lat' dir='ltr'><strong>qui</strong></span> <span class='ocrx_word' id='word_1_86' title='bbox 373 1437 485 1499; x_wconf 91' lang='lat' dir='ltr'><strong>rupem</strong></span> <span class='ocrx_word' id='word_1_87' title='bbox 508 1419 541 1480; x_wconf 89' lang='lat' dir='ltr'><strong>et</strong></span> <span class='ocrx_word' id='word_1_88' title='bbox 562 1420 695 1499; x_wconf 91' lang='lat' dir='ltr'><strong>puteum</strong></span> <span class='ocrx_word' id='word_1_89' title='bbox 714 1416 818 1494; x_wconf 70' lang='lat' dir='ltr'><strong>¹uitare</strong></span> <span class='ocrx_word' id='word_1_90' title='bbox 840 1420 1013 1500; x_wconf 90' lang='lat' dir='ltr'><strong>patentem:</strong></span> 
     </span>
     <span class='ocr_line' id='line_1_15' title="bbox 157 1503 998 1589; baseline 0.002 -21"><span class='ocrx_word' id='word_1_91' title='bbox 157 1504 221 1569; x_wconf 92' lang='lat' dir='ltr'><strong>Hic</strong></span> <span class='ocrx_word' id='word_1_92' title='bbox 242 1504 299 1568; x_wconf 92' lang='lat' dir='ltr'><strong>ubi</strong></span> <span class='ocrx_word' id='word_1_93' title='bbox 322 1507 530 1589; x_wconf 89' lang='lat' dir='ltr'><strong>cognatorum</strong></span> <span class='ocrx_word' id='word_1_94' title='bbox 553 1504 668 1587; x_wconf 91' lang='lat' dir='ltr'><strong>opibus</strong></span> <span class='ocrx_word' id='word_1_95' title='bbox 691 1503 839 1588; x_wconf 87' lang='lat' dir='ltr'><strong>curisque</strong></span> <span class='ocrx_word' id='word_1_96' title='bbox 860 1504 998 1570; x_wconf 87' lang='lat' dir='ltr'><strong>refectus</strong></span> 
     </span>
     <span class='ocr_line' id='line_1_16' title="bbox 157 1591 958 1676; baseline 0.001 -19"><span class='ocrx_word' id='word_1_97' title='bbox 157 1592 294 1676; x_wconf 81' lang='lat' dir='ltr'><strong>Expulit</strong></span> <span class='ocrx_word' id='word_1_98' title='bbox 316 1591 455 1657; x_wconf 91' lang='lat' dir='ltr'><strong>elleboro</strong></span> <span class='ocrx_word' id='word_1_99' title='bbox 477 1592 626 1656; x_wconf 90' lang='lat' dir='ltr'><strong>morbum</strong></span> <span class='ocrx_word' id='word_1_100' title='bbox 648 1591 809 1676; x_wconf 91' lang='lat' dir='ltr'><strong>bilemque</strong></span> <span class='ocrx_word' id='word_1_101' title='bbox 831 1613 958 1658; x_wconf 90' lang='lat' dir='ltr'><strong>meraco</strong></span> 
     </span>
     <span class='ocr_line' id='line_1_17' title="bbox 156 1679 977 1765; baseline 0.001 -21"><span class='ocrx_word' id='word_1_102' title='bbox 156 1681 202 1744; x_wconf 81' lang='lat' dir='ltr'><strong>Et</strong></span> <span class='ocrx_word' id='word_1_103' title='bbox 224 1679 307 1744; x_wconf 90' lang='lat' dir='ltr'><strong>redit</strong></span> <span class='ocrx_word' id='word_1_104' title='bbox 328 1680 369 1743; x_wconf 90' lang='lat' dir='ltr'><strong>ad</strong></span> <span class='ocrx_word' id='word_1_105' title='bbox 391 1702 473 1763; x_wconf 86' lang='lat' dir='ltr'><strong>sese,</strong></span> <span class='ocrx_word' id='word_1_106' title='bbox 496 1680 574 1764; x_wconf 77' lang='lat' dir='ltr'><strong>‘pol‚</strong></span> <span class='ocrx_word' id='word_1_107' title='bbox 596 1702 649 1745; x_wconf 92' lang='lat' dir='ltr'><strong>me</strong></span> <span class='ocrx_word' id='word_1_108' title='bbox 672 1680 846 1765; x_wconf 88' lang='lat' dir='ltr'><strong>occidistis,</strong></span> <span class='ocrx_word' id='word_1_109' title='bbox 869 1681 977 1765; x_wconf 90' lang='lat' dir='ltr'><strong>amici,</strong></span> 
     </span>
    </p>

    <p class='ocr_par' dir='ltr' id='par_1_8' title="bbox 157 1768 975 1852">
     <span class='ocr_line' id='line_1_18' title="bbox 157 1768 975 1852; baseline -0.004 -17"><span class='ocrx_word' id='word_1_110' title='bbox 157 1768 232 1835; x_wconf 89' lang='lat' dir='ltr'><strong>Non</strong></span> <span class='ocrx_word' id='word_1_111' title='bbox 255 1768 418 1834; x_wconf 83' lang='lat' dir='ltr'><strong>servastis&#39;</strong></span> <span class='ocrx_word' id='word_1_112' title='bbox 441 1769 499 1852; x_wconf 87' lang='lat' dir='ltr'><strong>ait,</strong></span> <span class='ocrx_word' id='word_1_113' title='bbox 523 1768 586 1832; x_wconf 77' lang='lat' dir='ltr'><strong>‘cui</strong></span> <span class='ocrx_word' id='word_1_114' title='bbox 609 1769 656 1833; x_wconf 90' lang='lat' dir='ltr'><strong>sic</strong></span> <span class='ocrx_word' id='word_1_115' title='bbox 678 1772 804 1833; x_wconf 85' lang='lat' dir='ltr'><strong>extorta</strong></span> <span class='ocrx_word' id='word_1_116' title='bbox 825 1769 975 1852; x_wconf 82' lang='lat' dir='ltr'><strong>voluptas</strong></span> 
     </span>
    </p>

    <p class='ocr_par' dir='ltr' id='par_1_9' title="bbox 90 1855 1033 2029">
     <span class='ocr_line' id='line_1_19' title="bbox 90 1855 1033 1940; baseline -0.001 -19"><span class='ocrx_word' id='word_1_117' title='bbox 90 1874 140 1922; x_wconf 85' lang='lat'><strong>140</strong></span> <span class='ocrx_word' id='word_1_118' title='bbox 157 1857 203 1921; x_wconf 81' lang='lat' dir='ltr'><strong>Et</strong></span> <span class='ocrx_word' id='word_1_119' title='bbox 226 1857 375 1940; x_wconf 91' lang='lat' dir='ltr'><strong>demptus</strong></span> <span class='ocrx_word' id='word_1_120' title='bbox 396 1877 453 1939; x_wconf 90' lang='lat' dir='ltr'><strong>per</strong></span> <span class='ocrx_word' id='word_1_121' title='bbox 474 1856 541 1921; x_wconf 82' lang='lat' dir='ltr'><strong>rim</strong></span> <span class='ocrx_word' id='word_1_122' title='bbox 563 1856 680 1921; x_wconf 88' lang='lat' dir='ltr'><strong>mentis</strong></span> <span class='ocrx_word' id='word_1_123' title='bbox 704 1856 907 1938; x_wconf 78' lang='lat' dir='ltr'><strong>gratissimus</strong></span> <span class='ocrx_word' id='word_1_124' title='bbox 930 1855 1033 1921; x_wconf 68' lang='lat' dir='ltr'><strong>error?</strong></span> 
     </span>
     <span class='ocr_line' id='line_1_20' title="bbox 156 1939 873 2029; baseline -0.004 -18"><span class='ocrx_word' id='word_1_125' title='bbox 156 1939 320 2011; x_wconf 87' lang='lat' dir='ltr'><strong>Nimirum</strong></span> <span class='ocrx_word' id='word_1_126' title='bbox 343 1948 485 2029; x_wconf 89' lang='lat' dir='ltr'><strong>saperest</strong></span> <span class='ocrx_word' id='word_1_127' title='bbox 508 1944 641 2009; x_wconf 80' lang='lat' dir='ltr'><strong>abiectis</strong></span> <span class='ocrx_word' id='word_1_128' title='bbox 663 1944 743 2009; x_wconf 88' lang='lat' dir='ltr'><strong>utile</strong></span> <span class='ocrx_word' id='word_1_129' title='bbox 764 1945 873 2029; x_wconf 88' lang='lat' dir='ltr'><strong>nugis,</strong></span> 
     </span>
    </p>

    <p class='ocr_par' dir='ltr' id='par_1_10' title="bbox 157 2032 921 2117">
     <span class='ocr_line' id='line_1_21' title="bbox 157 2032 921 2117; baseline -0.003 -19"><span class='ocrx_word' id='word_1_130' title='bbox 157 2033 203 2098; x_wconf 82' lang='lat' dir='ltr'><strong>Et</strong></span> <span class='ocrx_word' id='word_1_131' title='bbox 224 2033 450 2117; x_wconf 84' lang='lat' dir='ltr'><strong>tempestivum</strong></span> <span class='ocrx_word' id='word_1_132' title='bbox 473 2033 580 2115; x_wconf 88' lang='lat' dir='ltr'><strong>pueris</strong></span> <span class='ocrx_word' id='word_1_133' title='bbox 604 2032 773 2098; x_wconf 89' lang='lat' dir='ltr'><strong>concedere</strong></span> <span class='ocrx_word' id='word_1_134' title='bbox 794 2032 921 2116; x_wconf 89' lang='lat' dir='ltr'><strong>ludum,</strong></span> 
     </span>
    </p>

    <p class='ocr_par' dir='ltr' id='par_1_11' title="bbox 38 2119 1097 2380">
     <span class='ocr_line' id='line_1_22' title="bbox 38 2119 1033 2204; baseline -0.002 -18"><span class='ocrx_word' id='word_1_135' title='bbox 38 2146 40 2151; x_wconf 93' lang='lat'>·</span> <span class='ocrx_word' id='word_1_136' title='bbox 103 2164 106 2169; x_wconf 88' lang='lat'><em>-</em></span> <span class='ocrx_word' id='word_1_137' title='bbox 158 2120 206 2186; x_wconf 88' lang='lat' dir='ltr'><strong>Ac</strong></span> <span class='ocrx_word' id='word_1_138' title='bbox 229 2143 292 2186; x_wconf 89' lang='lat' dir='ltr'><strong>non</strong></span> <span class='ocrx_word' id='word_1_139' title='bbox 314 2121 412 2186; x_wconf 86' lang='lat' dir='ltr'><strong>verba</strong></span> <span class='ocrx_word' id='word_1_140' title='bbox 435 2120 526 2204; x_wconf 89' lang='lat' dir='ltr'><strong>sequi</strong></span> <span class='ocrx_word' id='word_1_141' title='bbox 547 2119 665 2184; x_wconf 89' lang='lat' dir='ltr'><strong>fidibus</strong></span> <span class='ocrx_word' id='word_1_142' title='bbox 687 2119 880 2184; x_wconf 87' lang='lat' dir='ltr'><strong>modulanda</strong></span> <span class='ocrx_word' id='word_1_143' title='bbox 902 2119 1033 2203; x_wconf 89' lang='lat' dir='ltr'><strong>Latinis,</strong></span> 
     </span>
     <span class='ocr_line' id='line_1_23' title="bbox 160 2207 1039 2292; baseline -0.002 -20"><span class='ocrx_word' id='word_1_144' title='bbox 160 2208 222 2273; x_wconf 86' lang='lat' dir='ltr'><strong>Sed</strong></span> <span class='ocrx_word' id='word_1_145' title='bbox 243 2230 335 2273; x_wconf 82' lang='lat' dir='ltr'><strong>verae</strong></span> <span class='ocrx_word' id='word_1_146' title='bbox 357 2230 571 2292; x_wconf 90' lang='lat' dir='ltr'><strong>numerosque</strong></span> <span class='ocrx_word' id='word_1_147' title='bbox 593 2208 769 2292; x_wconf 87' lang='lat' dir='ltr'><strong>modosque</strong></span> <span class='ocrx_word' id='word_1_148' title='bbox 792 2207 931 2273; x_wconf 89' lang='lat' dir='ltr'><strong>ediscere</strong></span> <span class='ocrx_word' id='word_1_149' title='bbox 953 2209 1039 2274; x_wconf 87' lang='lat' dir='ltr'><strong>vitae.</strong></span> 
     </span>
     <span class='ocr_line' id='line_1_24' title="bbox 90 2295 1097 2380; baseline -0.005 -19"><span class='ocrx_word' id='word_1_150' title='bbox 90 2315 140 2363; x_wconf 77' lang='lat'><strong>145</strong></span> <span class='ocrx_word' id='word_1_151' title='bbox 159 2296 316 2373; x_wconf 82' lang='lat' dir='ltr'><strong>Quocirca</strong></span> <span class='ocrx_word' id='word_1_152' title='bbox 336 2317 461 2360; x_wconf 91' lang='lat' dir='ltr'><strong>mecum</strong></span> <span class='ocrx_word' id='word_1_153' title='bbox 483 2295 599 2379; x_wconf 91' lang='lat' dir='ltr'><strong>loquor</strong></span> <span class='ocrx_word' id='word_1_154' title='bbox 620 2295 699 2360; x_wconf 92' lang='lat' dir='ltr'><strong>haec</strong></span> <span class='ocrx_word' id='word_1_155' title='bbox 721 2296 901 2380; x_wconf 87' lang='lat' dir='ltr'><strong>tacitusque</strong></span> <span class='ocrx_word' id='word_1_156' title='bbox 924 2296 1070 2362; x_wconf 90' lang='lat' dir='ltr'><strong>recordor:</strong></span> <span class='ocrx_word' id='word_1_157' title='bbox 1095 2323 1097 2327; x_wconf 94' lang='lat'>·</span> 
     </span>
    </p>

    <p class='ocr_par' dir='ltr' id='par_1_12' title="bbox 158 2382 1016 2712">
     <span class='ocr_line' id='line_1_25' title="bbox 161 2382 930 2469; baseline 0 -21"><span class='ocrx_word' id='word_1_158' title='bbox 161 2383 196 2448; x_wconf 85' lang='lat' dir='ltr'><strong>Si</strong></span> <span class='ocrx_word' id='word_1_159' title='bbox 218 2383 280 2447; x_wconf 87' lang='lat' dir='ltr'><strong>tibi</strong></span> <span class='ocrx_word' id='word_1_160' title='bbox 301 2382 391 2446; x_wconf 87' lang='lat' dir='ltr'><strong>nulla</strong></span> <span class='ocrx_word' id='word_1_161' title='bbox 412 2384 501 2447; x_wconf 90' lang='lat' dir='ltr'><strong>sitim</strong></span> <span class='ocrx_word' id='word_1_162' title='bbox 523 2384 631 2448; x_wconf 89' lang='lat' dir='ltr'><strong>finiret</strong></span> <span class='ocrx_word' id='word_1_163' title='bbox 653 2384 745 2467; x_wconf 91' lang='lat' dir='ltr'><strong>copia</strong></span> <span class='ocrx_word' id='word_1_164' title='bbox 765 2383 930 2469; x_wconf 86' lang='lat' dir='ltr'><strong>lymphae,</strong></span> 
     </span>
     <span class='ocr_line' id='line_1_26' title="bbox 158 2471 1016 2557; baseline 0 -21"><span class='ocrx_word' id='word_1_165' title='bbox 158 2471 314 2536; x_wconf 88' lang='lat' dir='ltr'><strong>Narrares</strong></span> <span class='ocrx_word' id='word_1_166' title='bbox 336 2471 480 2535; x_wconf 89' lang='lat' dir='ltr'><strong>medicis:</strong></span> <span class='ocrx_word' id='word_1_167' title='bbox 505 2472 602 2556; x_wconf 92' lang='lat' dir='ltr'><strong>quod,</strong></span> <span class='ocrx_word' id='word_1_168' title='bbox 625 2476 745 2556; x_wconf 90' lang='lat' dir='ltr'><strong>quanto</strong></span> <span class='ocrx_word' id='word_1_169' title='bbox 768 2472 862 2555; x_wconf 90' lang='lat' dir='ltr'><strong>plura</strong></span> <span class='ocrx_word' id='word_1_170' title='bbox 882 2473 1016 2557; x_wconf 88' lang='lat' dir='ltr'><strong>parasti,</strong></span> 
     </span>
     <span class='ocr_line' id='line_1_27' title="bbox 159 2558 943 2644; baseline 0.001 -21"><span class='ocrx_word' id='word_1_171' title='bbox 159 2559 262 2624; x_wconf 80' lang='lat' dir='ltr'><strong>Tanto</strong></span> <span class='ocrx_word' id='word_1_172' title='bbox 285 2558 379 2642; x_wconf 93' lang='lat' dir='ltr'><strong>plura</strong></span> <span class='ocrx_word' id='word_1_173' title='bbox 400 2559 505 2644; x_wconf 87' lang='lat' dir='ltr'><strong>cupis,</strong></span> <span class='ocrx_word' id='word_1_174' title='bbox 527 2559 649 2624; x_wconf 91' lang='lat' dir='ltr'><strong>nulline</strong></span> <span class='ocrx_word' id='word_1_175' title='bbox 671 2559 801 2624; x_wconf 86' lang='lat' dir='ltr'><strong>faterier</strong></span> <span class='ocrx_word' id='word_1_176' title='bbox 823 2560 943 2625; x_wconf 82' lang='lat' dir='ltr'><strong>audes?</strong></span> 
     </span>
     <span class='ocr_line' id='line_1_28' title="bbox 160 2646 939 2712; baseline 0 0"><span class='ocrx_word' id='word_1_177' title='bbox 160 2646 196 2712; x_wconf 80' lang='lat' dir='ltr'><strong>si</strong></span> <span class='ocrx_word' id='word_1_178' title='bbox 217 2647 332 2712; x_wconf 86' lang='lat' dir='ltr'><strong>volnus</strong></span> <span class='ocrx_word' id='word_1_179' title='bbox 355 2647 416 2711; x_wconf 87' lang='lat' dir='ltr'><strong>tibi</strong></span> <span class='ocrx_word' id='word_1_180' title='bbox 438 2651 617 2712; x_wconf 90' lang='lat' dir='ltr'><strong>monstrata</strong></span> <span class='ocrx_word' id='word_1_181' title='bbox 638 2648 744 2712; x_wconf 90' lang='lat' dir='ltr'><strong>radice</strong></span> <span class='ocrx_word' id='word_1_182' title='bbox 765 2646 818 2712; x_wconf 86' lang='lat' dir='ltr'><strong>vel</strong></span> <span class='ocrx_word' id='word_1_183' title='bbox 838 2647 939 2712; x_wconf 92' lang='lat' dir='ltr'><strong>herba</strong></span> 
     </span>
    </p>

    <p class='ocr_par' dir='ltr' id='par_1_13' title="bbox 90 2734 1060 3170">
     <span class='ocr_line' id='line_1_29' title="bbox 90 2734 954 2821; baseline 0 -21"><span class='ocrx_word' id='word_1_184' title='bbox 90 2753 140 2802; x_wconf 82' lang='lat'><strong>150</strong></span> <span class='ocrx_word' id='word_1_185' title='bbox 158 2734 233 2801; x_wconf 89' lang='lat' dir='ltr'><strong>Non</strong></span> <span class='ocrx_word' id='word_1_186' title='bbox 255 2737 347 2800; x_wconf 88' lang='lat' dir='ltr'><strong>fieret</strong></span> <span class='ocrx_word' id='word_1_187' title='bbox 368 2735 485 2821; x_wconf 83' lang='lat' dir='ltr'><strong>levius,</strong></span> <span class='ocrx_word' id='word_1_188' title='bbox 507 2735 634 2821; x_wconf 81' lang='lat' dir='ltr'><strong>fugeres</strong></span> <span class='ocrx_word' id='word_1_189' title='bbox 652 2736 758 2801; x_wconf 88' lang='lat' dir='ltr'><strong>radice</strong></span> <span class='ocrx_word' id='word_1_190' title='bbox 780 2734 832 2801; x_wconf 83' lang='lat' dir='ltr'><strong>vel</strong></span> <span class='ocrx_word' id='word_1_191' title='bbox 852 2735 954 2801; x_wconf 89' lang='lat' dir='ltr'><strong>herba</strong></span> 
     </span>
     <span class='ocr_line' id='line_1_30' title="bbox 158 2823 885 2909; baseline 0 -22"><span class='ocrx_word' id='word_1_192' title='bbox 158 2823 350 2888; x_wconf 87' lang='lat' dir='ltr'><strong>Proficiente</strong></span> <span class='ocrx_word' id='word_1_193' title='bbox 373 2823 456 2887; x_wconf 89' lang='lat' dir='ltr'><strong>nihil</strong></span> <span class='ocrx_word' id='word_1_194' title='bbox 479 2825 629 2888; x_wconf 90' lang='lat' dir='ltr'><strong>curarier:</strong></span> <span class='ocrx_word' id='word_1_195' title='bbox 653 2824 810 2909; x_wconf 86' lang='lat' dir='ltr'><strong>audieras,</strong></span> <span class='ocrx_word' id='word_1_196' title='bbox 833 2823 885 2888; x_wconf 91' lang='lat' dir='ltr'><strong>cui</strong></span> 
     </span>
     <span class='ocr_line' id='line_1_31' title="bbox 158 2912 883 2996; baseline 0 -20"><span class='ocrx_word' id='word_1_197' title='bbox 158 2912 240 2982; x_wconf 80' lang='lat' dir='ltr'><strong>Rem</strong></span> <span class='ocrx_word' id='word_1_198' title='bbox 263 2913 295 2976; x_wconf 92' lang='lat' dir='ltr'><strong>di</strong></span> <span class='ocrx_word' id='word_1_199' title='bbox 319 2913 487 2996; x_wconf 90' lang='lat' dir='ltr'><strong>donarent,</strong></span> <span class='ocrx_word' id='word_1_200' title='bbox 509 2912 559 2976; x_wconf 90' lang='lat' dir='ltr'><strong>illi</strong></span> <span class='ocrx_word' id='word_1_201' title='bbox 581 2912 730 2977; x_wconf 89' lang='lat' dir='ltr'><strong>decedere</strong></span> <span class='ocrx_word' id='word_1_202' title='bbox 752 2933 883 2995; x_wconf 83' lang='lat' dir='ltr'><strong>pravam</strong></span> 
     </span>
     <span class='ocr_line' id='line_1_32' title="bbox 160 2998 1060 3085; baseline -0.002 -21"><span class='ocrx_word' id='word_1_203' title='bbox 160 2998 353 3085; x_wconf 80' lang='lat' dir='ltr'><strong>Stultitiam3</strong></span> <span class='ocrx_word' id='word_1_204' title='bbox 377 3004 422 3083; x_wconf 86' lang='lat' dir='ltr'><strong>et,</strong></span> <span class='ocrx_word' id='word_1_205' title='bbox 444 3021 517 3064; x_wconf 92' lang='lat' dir='ltr'><strong>cum</strong></span> <span class='ocrx_word' id='word_1_206' title='bbox 541 3000 585 3064; x_wconf 88' lang='lat' dir='ltr'><strong>sis</strong></span> <span class='ocrx_word' id='word_1_207' title='bbox 607 2999 709 3064; x_wconf 86' lang='lat' dir='ltr'><strong>nihilo</strong></span> <span class='ocrx_word' id='word_1_208' title='bbox 734 3000 922 3084; x_wconf 88' lang='lat' dir='ltr'><strong>sapientior,</strong></span> <span class='ocrx_word' id='word_1_209' title='bbox 944 3022 984 3064; x_wconf 85' lang='lat' dir='ltr'><strong>ex</strong></span> <span class='ocrx_word' id='word_1_210' title='bbox 1006 3019 1060 3083; x_wconf 91' lang='lat' dir='ltr'><strong>quo</strong></span> 
     </span>
     <span class='ocr_line' id='line_1_33' title="bbox 159 3087 991 3170; baseline 0 -18"><span class='ocrx_word' id='word_1_211' title='bbox 159 3087 288 3152; x_wconf 92' lang='lat' dir='ltr'><strong>Plenior</strong></span> <span class='ocrx_word' id='word_1_212' title='bbox 310 3110 358 3170; x_wconf 86' lang='lat' dir='ltr'><strong>es,</strong></span> <span class='ocrx_word' id='word_1_213' title='bbox 380 3092 488 3152; x_wconf 84' lang='lat' dir='ltr'><strong>tamen</strong></span> <span class='ocrx_word' id='word_1_214' title='bbox 510 3088 610 3152; x_wconf 86' lang='lat' dir='ltr'><strong>uteris</strong></span> <span class='ocrx_word' id='word_1_215' title='bbox 633 3088 846 3153; x_wconf 89' lang='lat' dir='ltr'><strong>monitoribus</strong></span> <span class='ocrx_word' id='word_1_216' title='bbox 868 3088 991 3152; x_wconf 83' lang='lat' dir='ltr'><strong>isdem?</strong></span> 
     </span>
    </p>

    <p class='ocr_par' dir='ltr' id='par_1_14' title="bbox 91 3174 1086 3349">
     <span class='ocr_line' id='line_1_34' title="bbox 91 3174 957 3260; baseline 0 -21"><span class='ocrx_word' id='word_1_217' title='bbox 91 3192 141 3241; x_wconf 77' lang='lat'><strong>155</strong></span> <span class='ocrx_word' id='word_1_218' title='bbox 161 3174 221 3260; x_wconf 88' lang='lat' dir='ltr'><strong>[At</strong></span> <span class='ocrx_word' id='word_1_219' title='bbox 243 3175 272 3238; x_wconf 89' lang='lat' dir='ltr'><strong>si</strong></span> <span class='ocrx_word' id='word_1_220' title='bbox 294 3175 424 3240; x_wconf 81' lang='lat' dir='ltr'><strong>divitiae</strong></span> <span class='ocrx_word' id='word_1_221' title='bbox 447 3176 636 3259; x_wconf 88' lang='lat' dir='ltr'><strong>prudentem</strong></span> <span class='ocrx_word' id='word_1_222' title='bbox 658 3176 789 3241; x_wconf 91' lang='lat' dir='ltr'><strong>reddere</strong></span> <span class='ocrx_word' id='word_1_223' title='bbox 811 3179 957 3260; x_wconf 82' lang='lat' dir='ltr'><strong>possent,</strong></span> 
     </span>
     <span class='ocr_line' id='line_1_35' title="bbox 161 3263 1086 3349; baseline -0.005 -21"><span class='ocrx_word' id='word_1_224' title='bbox 161 3263 196 3328; x_wconf 83' lang='lat' dir='ltr'><strong>si</strong></span> <span class='ocrx_word' id='word_1_225' title='bbox 219 3263 370 3346; x_wconf 90' lang='lat' dir='ltr'><strong>cupidum</strong></span> <span class='ocrx_word' id='word_1_226' title='bbox 392 3264 604 3349; x_wconf 91' lang='lat' dir='ltr'><strong>timidumque</strong></span> <span class='ocrx_word' id='word_1_227' title='bbox 626 3264 732 3328; x_wconf 89' lang='lat' dir='ltr'><strong>minus</strong></span> <span class='ocrx_word' id='word_1_228' title='bbox 755 3268 800 3329; x_wconf 87' lang='lat' dir='ltr'><strong>te:</strong></span> <span class='ocrx_word' id='word_1_229' title='bbox 821 3286 937 3348; x_wconf 89' lang='lat' dir='ltr'><strong>nempe</strong></span> <span class='ocrx_word' id='word_1_230' title='bbox 959 3263 1086 3342; x_wconf 89' lang='lat' dir='ltr'><strong>ruberes,</strong></span> 
     </span>
    </p>
   </div>
   <div class='ocr_carea' id='block_1_3' title="bbox 160 3438 1072 3613">
    <p class='ocr_par' dir='ltr' id='par_1_15' title="bbox 160 3438 1072 3613">
     <span class='ocr_line' id='line_1_36' title="bbox 161 3438 1072 3524; baseline -0.003 -20"><span class='ocrx_word' id='word_1_231' title='bbox 161 3438 196 3504; x_wconf 88' lang='lat' dir='ltr'><strong>Si</strong></span> <span class='ocrx_word' id='word_1_232' title='bbox 218 3439 429 3524; x_wconf 88' lang='lat' dir='ltr'><strong>propriumst,</strong></span> <span class='ocrx_word' id='word_1_233' title='bbox 453 3440 538 3523; x_wconf 92' lang='lat' dir='ltr'><strong>quod</strong></span> <span class='ocrx_word' id='word_1_234' title='bbox 562 3441 633 3524; x_wconf 90' lang='lat' dir='ltr'><strong>quis</strong></span> <span class='ocrx_word' id='word_1_235' title='bbox 656 3440 740 3504; x_wconf 88' lang='lat' dir='ltr'><strong>libra</strong></span> <span class='ocrx_word' id='word_1_236' title='bbox 761 3445 921 3505; x_wconf 88' lang='lat' dir='ltr'><strong>mercatur</strong></span> <span class='ocrx_word' id='word_1_237' title='bbox 942 3443 976 3505; x_wconf 92' lang='lat' dir='ltr'><strong>et</strong></span> <span class='ocrx_word' id='word_1_238' title='bbox 998 3458 1072 3520; x_wconf 88' lang='lat' dir='ltr'><strong>aere,</strong></span> 
     </span>
     <span class='ocr_line' id='line_1_37' title="bbox 160 3526 1001 3613; baseline 0.004 -22"><span class='ocrx_word' id='word_1_239' title='bbox 160 3526 336 3612; x_wconf 86' lang='lat' dir='ltr'><strong>Quaedam,</strong></span> <span class='ocrx_word' id='word_1_240' title='bbox 359 3527 387 3591; x_wconf 92' lang='lat' dir='ltr'><strong>si</strong></span> <span class='ocrx_word' id='word_1_241' title='bbox 410 3527 512 3592; x_wconf 87' lang='lat' dir='ltr'><strong>credis</strong></span> <span class='ocrx_word' id='word_1_242' title='bbox 536 3527 703 3613; x_wconf 87' lang='lat' dir='ltr'><strong>consultis,</strong></span> <span class='ocrx_word' id='word_1_243' title='bbox 726 3529 888 3612; x_wconf 90' lang='lat' dir='ltr'><strong>mancipat</strong></span> <span class='ocrx_word' id='word_1_244' title='bbox 909 3549 1001 3594; x_wconf 87' lang='lat' dir='ltr'><strong>usus:</strong></span> 
     </span>
    </p>
   </div>
   <div class='ocr_carea' id='block_1_4' title="bbox 0 0 1196 4028">
    <p class='ocr_par' dir='ltr' id='par_1_16' title="bbox 0 0 1196 4028">
     <span class='ocr_line' id='line_1_38' title="bbox 0 0 1196 4028; baseline 0 0"><span class='ocrx_word' id='word_1_245' title='bbox 0 0 1196 4028; x_wconf 95' lang='lat' dir='ltr'><strong> </strong></span> 
     </span>
    </p>
   </div>
  </div>
 </body>
</html>
