2370 4028
89 185 140 242 XII
453 183 734 240 PROLEGOMENA.

87 338 188 395 tamen
208 353 277 395 raro
299 333 435 394 meliores
458 333 616 394 exhibeant
638 334 788 394 lectiones,
820 333 972 392 Blandinii
995 336 1097 393 autem

88 424 202 485 codices
228 424 347 500 praeter
374 441 409 482 ea
437 441 514 498 quae
536 422 658 498 propria
685 421 796 482 habent
818 422 909 480 medii
936 423 997 480 fere
1026 425 1098 482 sunt

88 512 166 572 inter
187 514 305 588 partem
326 515 495 586 utramque.

176 600 218 659 lit
239 601 346 660 horum
373 599 505 675 quidem,
530 616 605 674 quos
629 599 761 674 enotavi,
788 598 934 658 librorum
959 599 1097 675 plerique

88 692 159 748 sunt
181 706 256 747 saec.
279 688 314 746 Χ.
354 687 418 748 Neo
441 687 549 746 desunt
571 687 713 763 exempla,
736 687 790 745 ubi
812 686 940 747 aliorum
966 687 1098 746 eiusdem

88 776 196 835 aetatis
219 776 382 852 scripturas
405 774 614 852 praeferendas
638 774 831 834 existimarim
852 775 1031 835 testimoniis
1049 795 1097 835 co

89 865 196 940 dicum,
216 883 290 940 quos
304 866 374 923 aute
392 863 572 939 enumeravi,
593 863 634 922 eis
652 863 794 922 nimirum
811 863 892 938 lociS,
911 863 964 921 ubi
981 863 1098 924 ratione

89 955 120 1011 et
148 955 212 1011 arte
241 951 342 1028 potius
372 951 655 1011 commendabantur
676 950 759 1026 illae,
782 951 941 1026 factusque
972 952 1029 1010 sim
1052 971 1097 1010 ec·

88 1041 220 1101 lecticus.
264 1039 349 1098 Nam*
366 1042 397 1099 et
422 1039 567 1099 librorum
593 1040 682 1116 longe
711 1039 912 1099 recentiorum
935 1042 965 1098 et
993 1039 1098 1100 editio·

88 1148 162 1187 num
179 1126 348 1205 principum
366 1127 514 1203 quaedam
535 1130 658 1203 propter
676 1146 797 1186 causam
815 1127 939 1187 eandem
953 1131 1098 1204 receptae

89 1219 161 1275 sunt
183 1235 201 1274 a
222 1216 307 1276 uobis
330 1217 503 1292 scripturae.

176 1303 336 1363 Praeterea
349 1324 384 1363 ex
397 1304 624 1364 scholiastarum
638 1303 810 1363 commentis
822 1306 923 1363 erutas
939 1304 1098 1363 nonnullas

88 1392 254 1469 recepimus
287 1392 513 1470 dittographias.
559 1391 600 1450 Et
630 1409 807 1468 persuasum
837 1390 980 1456 habemus
1011 1410 1098 1469 posse

90 1481 182 1539 etiam
204 1480 278 1538 alias
297 1479 442 1557 indagari,
465 1482 501 1538 ut
522 1482 624 1538 tamen
642 1482 757 1540 certum
775 1479 815 1538 sit
832 1479 1020 1555 firmumque,
1040 1499 1098 1541 eos.

89 1569 116 1628 si
145 1586 291 1627 summam
319 1588 394 1627 rem.
411 1570 537 1645 spectes,
567 1587 627 1628 non
657 1568 724 1626 aliis
755 1585 817 1627 esse
848 1585 918 1626 usos
948 1566 1099 1627 codicibus

91 1675 181 1732 quam
208 1655 317 1731 quibus
343 1674 396 1716 nos
419 1657 545 1731 utimur,
572 1675 670 1731 neque
693 1675 729 1715 er
750 1655 841 1715 Probi
868 1659 899 1714 et
927 1656 1099 1731 antiquissi-

89 1764 207 1804 morum
235 1743 407 1804 criticorum
440 1744 547 1803 studiis
577 1743 750 1804 Horatianis
783 1743 948 1819 quidquam
979 1744 1018 1802 ad
1049 1763 1099 1804 eos

90 1850 287 1909 permanasse.
879 1899 880 1903 Ἰ

177 1919 240 1979 Nec
262 1939 333 1980 voro
357 1921 620 1998 grammaticorum
638 1920 825 1995 aliorumque
848 1920 1028 1995 scriptorum
1047 1920 1101 1996 qui

90 2010 219 2067 afferunt
249 2008 340 2067 verba
370 2008 489 2067 Horatii
518 2007 697 2067 testimoniis
728 2008 859 2065 multum
894 2008 1034 2067 iuvamur
1067 2009 1099 2066 in

90 2097 159 2155 crisi
180 2095 354 2171 factitando,
376 2099 412 2155 ut
430 2099 575 2172 appareat
596 2096 658 2154 iam
676 2095 855 2164 Quintiliani
877 2098 1010 2171 tempore
1030 2115 1099 2154 ean-

89 2185 158 2244 dem
186 2184 249 2243 fere
280 2185 372 2243 fuisse
400 2185 526 2244 formam
555 2184 741 2259 eundemque
770 2183 907 2242 habitum
935 2185 1100 2243 carminum

89 2273 325 2333 Horatianorum
347 2274 438 2347 atque
462 2275 561 2332 aetate
586 2271 781 2350 Carolingica.

178 2360 243 2419 Iam
264 2360 384 2420 Horatii
411 2359 495 2419 libris
523 2361 585 2420 sire
613 2358 794 2436 explicandis
824 2359 886 2419 sire
910 2360 1100 2419 emendandis

91 2468 160 2508 cum
181 2448 250 2508 inde
269 2467 287 2507 a
308 2449 421 2508 renatis
439 2448 549 2508 litteris
568 2466 689 2525 operam
706 2447 847 2506 narrarint
864 2448 995 2524 plurimi,
1018 2450 1100 2524 post-

92 2556 184 2613 quam
207 2535 402 2596 fundamenta
423 2537 559 2597 lectionis
576 2537 719 2613 vulgatae
741 2536 844 2612 posuit
861 2535 965 2612 Aldus,
989 2536 1101 2594 saeculi

90 2625 283 2702 potissimum
305 2625 381 2684 sexti
399 2625 506 2685 decimi
523 2625 687 2700 doctorum,
710 2627 746 2682 ut
764 2626 840 2701 puta
857 2624 995 2699 Fabricii,
1013 2623 1100 2682 Lam-

91 2713 163 2789 bini,
188 2712 322 2789 Gruquii,
341 2713 498 2789 Torrentii,
520 2713 689 2788 Pulmenni,
709 2712 844 2787 aliorum,
867 2712 1016 2770 industria
1034 2731 1101 2772 con-

92 2803 178 2880 gesta
202 2803 280 2876 sunt,
305 2801 413 2877 quibus
436 2803 540 2879 postea
563 2800 650 2877 quasi
671 2799 793 2877 publica
816 2803 846 2858 et
869 2800 1018 2860 communi
1039 2818 1101 2857 ma·

91 2890 170 2949 teria
192 2892 350 2949 uterentur
371 2889 506 2949 litterati.
536 2889 653 2949 Horum
674 2888 832 2965 plerosque
851 2891 887 2946 ut
905 2888 1039 2948 doctriua
1057 2887 1102 2945 ita

92 2978 212 3054 ingenio
240 2978 328 3055 longe
356 2977 515 3037 antecessit
537 2976 705 3052 BentleiuS,
736 2977 821 3036 cuius
849 2978 951 3035 tamen
980 2976 1102 3035 inventa

92 3066 196 3125 statim
224 3068 292 3142 post
315 3065 430 3125 obitum
452 3066 516 3124 eius
540 3065 647 3125 omissa
669 3084 723 3141 per
749 3064 901 3142 ignaviam
927 3066 1029 3124 nostro
1053 3062 1102 3122 de-

93 3173 176 3212 mum
205 3154 338 3229 saeculo,
362 3154 393 3211 et
416 3153 536 3229 quidem
558 3172 576 3212 a
598 3153 710 3230 paucis,
734 3171 794 3228 quo
822 3171 878 3228 par
906 3155 971 3211 erat
992 3152 1102 3212 honore

93 3241 198 3301 haberi
221 3244 327 3317 coepta
349 3243 428 3300 sunt.
457 3241 596 3301 Proxima
619 3241 708 3300 huius
732 3243 802 3300 sunt
824 3241 908 3299 Petri
924 3240 1104 3316 Perlcampii

94 3332 125 3388 et
151 3329 285 3408 Augusti
311 3329 451 3388 Meinekii
482 3331 602 3406 merita,
629 3333 665 3389 ut
696 3333 797 3389 tamen
829 3329 910 3388 illius
939 3327 1103 3407 detegendo

95 3418 188 3478 errori
212 3436 302 3494 quam
320 3416 495 3478 inveniendo
519 3436 589 3479 vero
612 3418 766 3497 ingenium
788 3417 881 3476 fuerit
904 3416 1013 3492 aptius.

185 3505 319 3574 Quorum
333 3506 405 3565 dum
419 3507 602 3582 contemplor
619 3505 757 3582 indolem,
776 3524 863 3581 saepe
877 3505 960 3564 uenit
978 3505 1009 3562 iu
1023 3524 1105 3564 meu·
