2370 4028
61 252 92 327 ·.]
451 248 559 303 cnm
575 249 609 303 11.
968 250 1030 315 189

61 416 91 461 n
113 393 271 460 moechus
292 392 429 477 Romae,
451 392 516 456 iam
537 391 649 457 mallet
671 392 783 457 doctus
805 391 942 458 Athenis

61 489 157 568 vere,
179 481 382 566 Vertumnis,
405 484 565 565 quotquot
587 485 675 564 sunt,
697 484 792 545 natus
815 481 942 565 iniquis.

61 592 144 637 utra
164 569 372 654 Volauerius,
394 572 565 653 postquam
587 567 636 633 illi
659 569 744 633 iusta
766 567 919 655 cheragra
1051 587 1084 635 15

61 658 181 724 ntudit
203 656 370 742 articulos,
393 656 449 741 qui
471 678 529 740 pro
552 677 586 720 se
609 656 736 722 tolleret
759 660 855 741 atque

61 750 172 813 ‚tteret
193 745 228 810 in
249 744 396 830 phimum
419 743 515 829 talos,
537 744 680 809 mercede
704 745 817 809 diurna

61 835 228 901 ¹rrductum
250 832 352 918 parit:
375 836 495 916 quanto
518 832 716 897 constantior
737 832 839 898 isdem

85 922 190 1008 vitiis,
212 925 303 986 tanto
325 919 428 986 levius
451 920 549 985 miser
572 941 609 985 ac
631 921 719 1004 prior
741 920 811 1005 illo,

61 1012 90 1077 ni
112 1011 178 1076 iam
201 1012 366 1094 contento,
389 1008 453 1072 iam
475 1007 548 1072 laxo
571 1008 647 1073 fune
670 1008 816 1072 laborat?
1050 1026 1084 1075 20

61 1096 115 1164 'on
139 1098 239 1183 dices,
265 1096 361 1161 hodie
388 1118 541 1181 quorsum
561 1095 641 1161 haec
663 1099 730 1160 tam
752 1096 865 1180 putida
886 1097 1031 1180 tendant,

61 1185 211 1253 uoiferl'
256 1182 321 1249 ‘Ad
347 1188 393 1271 te,
420 1184 572 1268 inquam?
617 1183 699 1260 ‘Quo
727 1188 834 1269 pact0,
861 1185 1031 1268 pessime?

334 1325 336 1329 .
769 1273 905 1337 ‘Laudas

61 1365 204 1427 urtunam
228 1363 261 1426 et
282 1381 388 1425 mores
410 1359 559 1443 antiquae
581 1357 698 1444 plebis,
721 1363 754 1424 et
776 1360 873 1445 idem,

61 1450 138 1535 ,quis
161 1449 203 1514 ad
223 1448 281 1513 illa
303 1447 380 1513 deus
403 1446 509 1513 subito
533 1451 565 1512 te
588 1451 675 1533 agat,
698 1470 799 1532 usque
821 1470 960 1533 recuses,

61 1541 100 1603 ut
119 1537 196 1623 quia
217 1558 283 1602 non
305 1535 419 1620 sentis,
441 1535 527 1620 quod
549 1535 679 1620 clamas,
702 1536 820 1600 rectius
843 1558 923 1621 esse,
1052 1552 1085 1604 25

61 1629 101 1691 ut
120 1626 197 1711 quia
217 1645 282 1689 non
304 1624 417 1688 firmus
439 1626 561 1688 rectum
584 1623 740 1708 defendis,
763 1628 795 1688 et
817 1624 928 1690 haeres

61 1708 234 1799 'equiquam
257 1732 354 1778 caeno
377 1711 507 1795 cupiens
531 1710 664 1776 evellere
686 1711 837 1795 plantam.

61 1822 152 1867 omae
173 1823 229 1866 rus
252 1803 358 1885 optss3
381 1799 545 1864 absentem
568 1800 707 1864 rusticus
729 1800 842 1865 urbem

61 1888 132 1956 ollis
154 1889 195 1954 ad
216 1891 304 1953 astra
324 1886 414 1952 levis.
456 1885 491 1952 si
513 1909 671 1972 nusquam
695 1909 728 1952 es
751 1888 833 1953 forte
855 1893 987 1954 vocatus

61 1975 228 2062 elcanam,
249 1975 361 2041 laudas
383 1996 530 2040 securum
553 1975 623 2040 olus
646 1997 695 2061 aa,
717 1976 806 2041 velut
828 1997 964 2061 usquam
1051 1995 1084 2043 30

61 2059 168 2131 'inctirs
190 2086 258 2149 eas,
280 2064 328 2129 ita
348 2067 381 2128 te
402 2062 528 2128 felicem
551 2062 630 2127 dicis
654 2086 817 2148 amasque,

61 2152 126 2226 laod
145 2174 304 2238 nusquam
326 2151 388 2215 tibi
410 2151 453 2216 sit
475 2150 658 2234 potandum.
699 2150 833 2217 Iusserit
856 2153 896 2216 ad
919 2175 952 2218 se

61 2237 197 2307 laecenas
220 2261 327 2306 serum
349 2240 409 2304 sub
432 2238 554 2303 lumina
575 2240 679 2322 prima
700 2241 808 2305 venire

61 2322 220 2394 lonrivam:
244 2329 371 2393 ‘nemon
393 2325 499 2392 oleum
521 2327 583 2392 fert
607 2326 716 2392 ocius?
739 2328 847 2411 ecquis

61 2416 167 2482 iudca’
189 2439 262 2482 cum
284 2435 402 2501 magno
424 2415 562 2479 blateras
586 2414 722 2479 clamore
745 2416 903 2501 iugisque.
1052 2435 1086 2483 35

61 2500 173 2570 [aluus
196 2508 229 2570 et
251 2525 392 2588 scurrae,
414 2503 475 2567 tibi
497 2526 561 2568 non
584 2503 748 2568 referenda
769 2505 904 2588 precati,

61 2585 216 2659 heduno
257 2591 399 2656 ‘Etenim
421 2591 524 2656 fateor
545 2591 609 2656 me'
632 2590 749 2656 dixerit
771 2591 826 2656 ille

61 2672 129 2769 linai
148 2685 259 2746 ventre
281 2678 398 2764 levem,
420 2701 533 2743 nasum
555 2678 666 2745 nidore
688 2679 833 2764 supinor,

61 2767 231 2854 nbecillus,
252 2768 353 2852 iners,
376 2767 482 2852 siquid
503 2768 566 2852 vis,
590 2767 681 2852 adde,
703 2767 832 2852 popino.

61 2846 178 2941 lucum
201 2856 246 2922 sis
268 2855 355 2940 quod
377 2875 437 2941 ego
461 2859 493 2920 et
514 2855 660 2920 fortassis
682 2855 830 2941 nequior,
852 2855 939 2920 ultro
1053 2876 1088 2925 40

61 2949 193 3011 necere
215 2942 305 3009 velut
326 2943 440 3009 melior
460 2943 630 3028 verbisque
653 2943 775 3008 decoris

61 3020 194 3099 lbrolvas
215 3030 366 3098 vitiumt'
407 3031 502 3115 Quid,
525 3031 554 3096 si
575 3053 627 3096 me
649 3031 780 3096 stultior
798 3033 871 3116 ipso

61 3116 225 3208 iuingentis
248 3123 356 3204 empto
379 3119 538 3184 drachmis
561 3119 784 3203 deprenderis?
824 3118 927 3185 Aufer

61 3196 87 3274 [a
106 3209 201 3276 vultu
223 3212 356 3293 terrere3
377 3229 508 3272 manum
530 3207 793 3293 stomachumque
816 3212 937 3294 teneto,

61 3311 131 3384 um,
154 3318 237 3382 quae
261 3295 399 3381 Crispini
422 3295 530 3360 docuit
551 3317 602 3360 me
625 3296 756 3379 ianitor,
779 3295 846 3361 edo.
1054 3314 1088 3362 45

61 3403 75 3451 s
96 3385 242 3454 coniunx
265 3384 368 3449 aliena
389 3383 487 3468 capit,
511 3383 711 3449 meretricula
731 3383 871 3449 Davum:

61 3479 148 3544 accat
171 3476 244 3538 uter
265 3476 411 3537 nostrum
434 3493 526 3538 cruce
549 3471 706 3556 dignius?
739 3471 833 3538 Acris
854 3472 911 3537 ubi
933 3494 983 3538 me

61 3570 157 3635 stura
180 3561 331 3646 intendit,
355 3561 413 3626 sub
437 3559 522 3626 clara
543 3560 629 3624 nuda
650 3559 780 3626 lucerna
