2370 4028
160 235 225 298 222
533 234 790 291 marmanum
930 235 1118 308 [xvmxnu

106 394 141 444 22
160 376 303 462 Occupat
325 377 453 444 obscuri
475 378 626 463 speciem,
648 371 828 444 taciturnus
851 379 966 444 acerbi.

159 465 248 531 Inter
270 470 384 531 cuncta
405 466 493 550 leges
516 471 549 530 et
570 467 797 550 percontabere
821 467 946 552 doctoS,

160 554 231 632 Qua
252 554 375 619 ratione
399 576 496 640 queas
519 555 683 620 traducere
705 555 821 620 leniter
843 577 972 639 aevum,

158 641 232 708 Neu
254 646 286 708 te
310 665 435 727 semper
457 642 550 726 inops
574 643 676 728 agitet
696 647 854 728 vexetque
877 644 1008 728 cupido,

158 730 232 797 Neu
253 753 354 814 pavor
376 735 409 796 et
430 752 538 795 rerum
560 731 763 797 mediocriter
784 731 915 797 utilium
938 752 1024 816 spes,

89 835 141 885 100
159 817 322 883 Virtutem
346 817 491 884 doctrina
511 824 604 903 paret
625 824 780 885 naturane
802 819 914 904 donet,

160 905 244 983 Quid
265 907 391 971 minuat
413 928 519 990 curas,
542 908 619 993 quid
641 911 673 972 te
696 907 757 972 tibi
779 908 892 973 reddat
914 907 1061 991 amicum,

159 993 245 1071 Quid
265 1016 344 1079 pure
367 994 568 1078 tranquillet,
588 995 692 1060 honos
715 1019 755 1060 an
778 995 870 1061 dulae
892 994 1055 1080 lucellum,

157 1082 211 1147 An
234 1086 392 1148 secretum
414 1083 476 1148 iter
499 1086 531 1148 et
552 1083 694 1148 fallentis
717 1084 832 1149 semita
852 1083 949 1151 vitae.

158 1169 212 1236 Me
234 1171 383 1255 quotiens
404 1171 509 1236 reficit
531 1171 655 1255 gelidus
676 1171 830 1257 Digentia
850 1173 954 1257 rivus,

88 1276 139 1326 105
158 1258 260 1336 Quem
281 1258 431 1323 Mandela
451 1259 548 1343 bibit,
570 1281 707 1345 rugosus
728 1259 849 1345 frigore
871 1281 989 1346 pagus,

158 1345 243 1423 Quid
264 1346 383 1412 sentire
405 1347 522 1431 putas?
547 1347 625 1433 quid
646 1348 762 1432 credis,
785 1349 899 1433 amice,
921 1348 1063 1433 precari?

158 1432 221 1499 ‘Sit
240 1434 334 1519 mihi,
357 1435 443 1518 quod
460 1457 545 1500 nunc
563 1440 625 1519 est,
648 1436 744 1501 etiam
762 1437 884 1520 minus,
907 1441 940 1501 et
958 1436 1037 1502 mihi
1054 1435 1134 1502 vivan

158 1521 250 1598 Quod
273 1527 418 1607 superest
441 1524 524 1610 aevi,
546 1524 655 1608 siquid
676 1545 841 1609 superesse
862 1525 980 1589 volunt
1001 1525 1045 1599 di:

159 1609 209 1676 Sit
230 1610 316 1675 bona
336 1611 493 1677 librorum
516 1617 549 1677 et
570 1612 716 1697 provisae
738 1612 842 1697 frugis
864 1612 900 1677 in
923 1635 1041 1679 annum

88 1716 139 1766 110
159 1697 271 1783 (topia,
293 1721 355 1765 neu
377 1699 501 1764 fluitem
525 1700 639 1765 dubiae
662 1722 718 1784 spe
740 1700 898 1785 pendulus
920 1700 1039 1767 horae?

159 1785 221 1852 Sed
243 1788 322 1851 satis
345 1791 395 1853 est
418 1809 507 1852 orare
529 1786 653 1873 Iovem,
676 1808 756 1872 quae
778 1789 871 1873 ponit
893 1792 926 1854 et
951 1790 1062 1854 aufert:

155 1874 221 1940 Det
242 1876 356 1960 vitam,
379 1875 433 1940 det
456 1897 545 1961 opes3
569 1898 705 1960 aequum
723 1877 769 1940 mi
787 1877 930 1941 animum
950 1879 1019 1963 ipse
1035 1875 1134 1962 parabo

593 2191 729 2258 XVIIII.

155 2316 266 2381 Prisco
291 2316 319 2379 si
342 2315 456 2398 credis,
478 2314 645 2381 Maecenas
668 2316 773 2400 docte,
798 2314 943 2401 Cratino,

155 2403 256 2471 Nulla
277 2403 402 2487 placere
425 2404 478 2468 diu
501 2426 560 2469 nec
581 2404 688 2469 vivere
712 2405 854 2470 carmina
874 2409 1023 2489 possunt,

156 2492 244 2570 Quae
267 2491 451 2557 scribuntur
473 2513 573 2577 aquae
592 2492 772 2577 potoribus
813 2491 860 2557 Vt
881 2492 966 2558 male
989 2513 1076 2558 sanos

155 2580 337 2664 AdscripSIt
358 2578 455 2644 Liber
478 2577 602 2664 Satyris
624 2580 807 2664 Faunisque
829 2584 955 2666 poetas,

122 2684 137 2733 5
156 2668 243 2733 Vina
263 2668 329 2733 fere
352 2668 460 2733 dulces
484 2668 633 2734 oluerunt
654 2691 747 2733 mane
771 2666 934 2734 Camenae.

155 2756 318 2820 Laudibus
341 2757 488 2842 arguitur
509 2757 578 2821 vini
600 2757 731 2821 vinosus
753 2755 928 2842 Homerus3

155 2845 279 2910 Ennius
303 2845 371 2929 ipse
394 2848 485 2928 pater
507 2865 681 2928 numquam
704 2845 768 2909 nisi
789 2849 886 2930 potus
909 2846 950 2910 ad
973 2867 1057 2910 arma

155 2932 312 2998 Prosiluit
334 2933 474 2998 dicende.
517 2931 647 2997 ‘Forum
669 2933 841 3017 putealque
863 2932 999 3000 Libonis

155 3020 314 3085 Mandabo
337 3021 442 3104 siccis,
466 3020 603 3085 adimam
626 3025 753 3086 cantare
777 3022 925 3087 severisz'

104 3125 137 3173 10
154 3107 227 3174 Hoc
250 3108 346 3174 simul
368 3109 481 3194 edixit,
503 3131 568 3174 non
591 3130 752 3175 cessavere
775 3113 888 3194 poetae

155 3196 323 3263 Nocturno
346 3201 465 3263 certare
487 3219 591 3283 mero,
612 3202 724 3282 putere
748 3198 870 3263 diurno.

156 3284 261 3362 Quid?
285 3285 387 3369 siquis
409 3287 500 3351 voltu
523 3290 615 3351 torvo
638 3286 725 3351 ferus
749 3289 781 3351 et
803 3287 883 3370 pede
906 3288 993 3352 nudo

154 3373 362 3458 Exiguaeque
386 3378 480 3458 togae
503 3374 634 3439 simulet
655 3375 798 3439 ttexeore
822 3372 990 3460 Catonern,

154 3460 359 3526 Virtutemne
382 3466 597 3545 repraesentet
619 3483 787 3546 moresque
811 3461 963 3528 Catonis?

103 3566 136 3615 15
154 3549 257 3634 Rupit
279 3547 434 3614 Iarbitam
456 3550 639 3636 Timagenis
663 3551 787 3615 aemula
808 3551 936 3636 lingua,
