2370 4028
423 205 705 261 PROLEGOMHNA.
1006 207 1071 262 XIII

58 359 135 433 tem,
158 355 239 431 quod
261 355 297 415 de
323 374 385 415 uno
415 374 451 414 ex
478 355 520 416 eis
550 355 646 415 dicere
670 352 790 416 'solebat
816 356 1069 432 Hemsterhusins,

59 461 179 504 movere
202 462 271 502 enm
292 444 389 502 multa
411 462 471 503 non
493 442 651 519 movenda,
675 443 726 503 sed
748 443 899 520 plerisque
921 444 994 504 locis
1018 463 1067 504 ve·

60 536 138 592 teres
165 531 337 607 scriptores,
360 531 386 590 si
407 531 452 590 ita
470 531 668 607 scripsissent,
691 534 728 591 ut
755 532 807 592 ille
833 532 993 609 legendnm
1020 531 1068 591 de·

61 621 164 695 mevit,
185 619 293 679 melius
316 619 408 679 fuisse
430 619 571 679 facturos.

149 707 266 768 Horum
286 707 382 785 igitur
401 707 535 767 virorum
556 707 720 784 plurimum
741 707 901 768 tribuimus
923 707 1050 767 iudiciis.

150 794 208 855 Sed
229 797 266 856 ut
288 795 324 855 de
350 795 460 856 nostris
483 795 625 855 disseram
651 796 742 871 curis,
764 795 881 856 ratione
909 814 943 855 ac
965 796 1015 855 via
1037 796 1069 854 in

61 883 242 960 explicandis
266 883 492 943 emendandisve
510 883 628 960 scriptis
646 883 765 944 Horatii
788 883 892 943 eadem
913 884 1001 961 plane
1019 900 1068 942 su·

59 990 128 1032 mus
149 972 198 1031 usi
220 974 312 1048 atque
333 972 366 1030 in
384 971 513 1031 editione
532 972 692 1048 superiore,
715 971 839 1048 perinde
856 974 893 1031 ut
914 989 1067 1047 respuere-

60 1078 128 1119 mus
149 1060 257 1120 horum
278 1060 467 1137 pravitatem,
491 1060 545 1136 qui
566 1060 641 1118 nihil
662 1060 721 1119 nisi
739 1059 776 1119 ab
795 1060 876 1121 omni
897 1063 983 1137 parte
1001 1079 1067 1136 per·

60 1149 141 1207 fecta
157 1147 284 1208 Horatio
306 1166 393 1224 posse
415 1147 544 1207 adscribi
566 1147 744 1224 existimant,
769 1152 799 1208 et
816 1149 946 1224 illorum,
970 1148 1023 1224 qni
1042 1148 1069 1206 ei

61 1236 190 1311 ineptias
221 1236 350 1312 pueriles
380 1237 411 1296 et
439 1235 489 1296 vix
517 1236 738 1314 philologorum
767 1237 932 1296 deterrimis
962 1235 1069 1296 condo-

60 1323 176 1384 nandas
198 1322 347 1384 tribuunt.

80 1441 84 1449 <
150 1411 195 1470 Ac
222 1411 258 1470 de
284 1411 515 1488 interpolatione
542 1412 707 1471 carminum
733 1411 968 1474 Horatianorum
995 1412 1069 1489 quid

62 1503 208 1576 statuam,
230 1500 400 1576 plenissime
423 1503 469 1559 est
490 1500 659 1576 expositum
679 1499 769 1577 libro,
794 1520 853 1576 quo
880 1501 1069 1562 classicorum

62 1588 144 1665 apud
165 1588 368 1648 Nederlandos
390 1586 559 1647 studiorum
582 1588 727 1664 originem
749 1591 780 1648 et
805 1582 980 1667 progressus
1002 1608 1069 1648 sum

61 1679 235 1753 persecutus
267 1673 308 1753 [p.
329 1677 391 1736 113
405 1672 495 1752 sqq.].
539 1675 646 1751 Neque
676 1695 756 1736 nunc
783 1677 914 1737 rationes
943 1678 1068 1753 mutavi,

63 1783 246 1841 quamquam
274 1765 377 1841 paullo
406 1765 495 1839 plura
524 1763 609 1824 obelo
636 1767 707 1823 sunt
735 1766 840 1825 notata
868 1784 958 1841 qnam
985 1765 1068 1841 prius

62 1855 184 1913 factum
216 1852 337 1911 Etenim
359 1871 427 1912 cnm
449 1855 530 1912 certo
553 1854 668 1912 constet
690 1853 751 1911 iam
770 1851 888 1911 claudii
909 1852 1067 1913 11111111-

62 1941 109 2000 nis
130 1943 265 2017 tempore
290 1941 427 2002 inventos
448 1941 481 1999 in
502 1940 622 1999 Horatii
649 1940 841 2017 carminibus,
868 1941 957 2017 plane
979 1942 1069 2000 utin

62 2029 198 2107 Vergilii
219 2047 323 2087 versus
345 2028 554 2106 suppositicios
577 2031 669 2104 atque
688 2029 761 2088 adeo
785 2029 821 2088 de
844 2028 959 2088 duabus
977 2029 1066 2088 inter·

62 2117 264 2194 polationibus
290 2113 624 2193 [1.ΠΙ,11,17-20;
646 2116 698 2192 IV,
718 2113 752 2193 8]
775 2117 923 2192 hodieque
942 2117 1068 2176 extanti-

61 2205 118 2264 bus
144 2205 177 2263 in
199 2204 348 2265 codicibus
370 2205 544 2264 Horatianis
570 2224 631 2264 non
652 2204 791 2264 videatur
819 2223 906 2282 posse
928 2205 1068 2281 dubitari,

61 2312 122 2353 non
150 2293 315 2368 temperavi
343 2293 428 2370 mihi,
453 2294 526 2369 quin
556 2292 751 2369 excluderem,
781 2312 985 2370 quaecumque
1015 2297 1070 2353 ant

62 2381 241 2440 sententiam
268 2381 405 2440 carminis
432 2383 636 2457 perverterent
662 2386 716 2440 aut
739 2382 872 2457 alioquin
900 2385 998 2441 essent
1024 2383 1068 2440 in-

63 2472 145 2545 epta,
169 2487 247 2544 quae
268 2487 376 2545 parum
398 2470 523 2545 pulchra
544 2469 718 2529 viderentur
740 2488 774 2528 ac
800 2461 909 2545 nitida,
933 2473 1068 2529 11111111-

62 2557 137 2615 lium
165 2576 265 2615 rerum
294 2574 397 2616 sensus
426 2558 527 2617 varius
556 2558 597 2616 sit
626 2561 656 2617 et
684 2557 782 2616 fluxus
811 2577 865 2634 pro
895 2558 1068 2619 diversitate

62 2649 231 2721 temporum
253 2647 284 2704 et
309 2643 461 2703 iudicandi
482 2646 611 2720 ratione,
633 2645 744 2720 reliqui
766 2645 888 2705 intacta.
931 2645 1070 2706 (laterum

64 2733 144 2808 qnod
166 2751 266 2793 omnes
293 2733 513 2808 probabiliiatis
539 2751 677 2793 numeros
699 2733 805 2809 implet
831 2735 973 2810 proximis
1000 2738 1069 2810 post

62 2821 223 2880 Horatium
237 2821 321 2880 annis
335 2819 416 2879 LXX
433 2821 585 2897 irrepsisse
600 2820 747 2897 quidquid
760 2821 792 2880 in
809 2822 892 2881 libris
912 2823 975 2882 eius
993 2823 1070 2882 latet

62 2928 203 2968 uersuum
232 2909 414 2986 spuriorum,
442 2910 534 2968 etiam
561 2909 606 2968 bis
633 2911 716 2968 terve
743 2911 873 2970 metricis
902 2912 1069 2971 rationibus

63 2996 280 3073 comprobatur.
307 2997 387 3055 Nam
400 2997 619 3074 asclepiadeum
633 3016 755 3057 caesura
773 3001 930 3074 carentem,
950 3000 1069 3076 qualem

61 3086 190 3161 protulit
216 3085 413 3162 interpolator
439 3085 657 3162 c.IV,8,17,
685 3086 796 3146 frustra
824 3088 905 3163 apud
928 3087 1069 3147 Senecam

63 3174 237 3250 quaesieris,
260 3193 314 3234 nec
335 3174 434 3233 minus
456 3174 490 3233 in
512 3174 644 3233 eiusdem
665 3176 753 3234 metri
775 3176 904 3236 secundo
929 3177 994 3236 loco
1017 3196 1068 3237 vc·
1162 3198 1164 3203 ’

62 3263 202 3321 sabulum
223 3262 255 3320 in
278 3263 430 3337 dactylum
453 3262 560 3337 exiens,
584 3263 674 3337 quale
697 3263 911 3340 estI,6,14:

278 3350 364 3421 digne
382 3350 527 3420 scripserit
545 3353 596 3404 aut
612 3351 727 3419 pulvere
745 3353 853 3408 Troico.

61 3437 125 3497 Neo
150 3458 221 3498 vero
249 3442 306 3514 est,
334 3457 388 3498 cur
413 3439 508 3514 labec,
537 3457 611 3514 quas
638 3440 731 3499 traxit
752 3440 804 3516 IV,
824 3442 856 3516 8,
883 3442 973 3518 longo
1000 3443 1069 3516 post

60 3525 221 3586 Horatium
243 3528 401 3588 intervallo
424 3527 534 3586 inditas
559 3527 586 3586 ei
607 3531 755 3604 putemus.
788 3529 866 3588 Nam
889 3529 1069 3604 strophicam
