2370 4028
58 226 163 299 tun]
453 226 562 282 uinus
579 227 612 282 11.
993 226 1037 290 43

193 368 257 434 Cur
279 392 344 435 non
367 371 427 435 sub
451 369 517 435 alta
537 369 589 435 vel
610 369 741 454 platano
762 370 816 434 vel
836 369 897 436 hac

189 457 272 523 Pinu
295 459 434 523 iacentes
457 458 504 523 sic
525 463 644 523 temere
667 463 700 522 et
721 479 795 523 rosa

234 545 356 612 tcanos
379 546 503 611 odorati
526 545 672 631 capillos,
1003 562 1036 610 15

277 635 365 698 Dum
386 634 475 719 licet,
496 633 696 718 Assyrioque
719 635 818 700 nardo
1082 655 1086 661 ·

189 784 343 849 Petamus
366 783 477 849 uncti?
517 784 664 869 Dissipat
685 782 811 848 Euhius

191 871 290 937 Curae
312 872 431 938 edaces.
473 871 552 949 Quis
573 895 654 956 puer
676 872 765 936 ocius

233 960 426 1045 Restinguet
448 960 588 1026 ardentis
610 959 739 1026 Falerni
769 995 772 999 <

277 1048 398 1114 Pocula
419 1053 641 1133 praetereunte
663 1047 818 1132 lympha?
1002 1063 1037 1112 20

190 1197 269 1275 Quis
292 1197 419 1263 devium
442 1203 584 1263 scortum
607 1198 712 1263 eliciet
734 1198 829 1263 domo

188 1285 320 1370 Lyden?
360 1285 506 1370 Eburna,
530 1287 584 1351 dic
603 1307 675 1371 age,
698 1308 771 1351 cum
793 1287 865 1370 lyra

233 1372 386 1458 Maturet,
408 1375 603 1458 incomptam
625 1374 787 1440 Lacaenae

276 1461 366 1527 More
389 1484 512 1527 comam
535 1463 671 1548 religata
692 1462 788 1527 nodo!

500 1909 571 1975 XII.

138 2033 234 2100 Nolis
255 2033 353 2118 longa
374 2033 460 2097 ferae
483 2033 568 2099 bella
589 2033 783 2099 Numantiae

139 2121 210 2188 Nec
231 2122 337 2186 dirum
358 2120 571 2188 Hannibalem
595 2144 654 2188 nec
676 2121 820 2188 Siculum
841 2145 929 2189 mare

139 2211 247 2276 Poeno
269 2231 466 2294 purpureum
489 2210 643 2295 sanguine
665 2211 817 2276 mollibus

184 2297 300 2382 Aptari
322 2297 462 2362 citharae
485 2299 602 2383 modis,

138 2446 208 2513 Nec
231 2469 341 2513 saevos
363 2446 518 2532 Lapithas
541 2451 574 2512 et
596 2447 731 2512 nimium
753 2470 841 2515 mero
1017 2466 1034 2515 5

138 2535 300 2620 Hylaeum
323 2536 524 2621 domitosque
545 2535 703 2601 Herculea
724 2559 822 2601 manu

138 2624 277 2689 Telluris
299 2624 443 2708 iuvenes,
466 2624 550 2711 unde
572 2624 749 2708 periculum

182 2711 323 2797 Fulgens
347 2713 539 2777 contremuit
561 2713 673 2777 domus

139 2861 270 2928 Saturni
291 2862 423 2927 veteris:
446 2864 545 2947 tuque
568 2861 768 2946 pedestribus

136 2950 235 3016 Dices
257 2950 402 3015 historiis
424 2951 546 3034 proelia
569 2949 724 3034 Caesaris,
1000 2970 1034 3018 10

137 3038 317 3123 Maecenas,
339 3039 455 3103 melius
479 3039 635 3123 ductaque
657 3038 805 3122 pervias

182 3125 309 3213 Regum
332 3126 414 3192 colla
435 3127 615 3191 minacium.

135 3275 190 3341 Me
214 3275 321 3340 dulces
345 3276 491 3341 dominae
513 3275 606 3340 Musa
627 3274 812 3359 Licymniae

137 3363 271 3448 Cantus,
293 3386 345 3428 me
367 3365 471 3428 voluit
493 3363 596 3428 dicere
618 3363 761 3429 lucidum

135 3451 311 3537 Fulgentes
334 3452 443 3516 oculos
467 3456 499 3517 et
520 3452 600 3517 bene
623 3453 744 3519 mutuis
998 3471 1032 3519 15

179 3540 296 3606 Fidum
318 3544 430 3625 pectus
453 3540 628 3627 amoribus,
