2370 4028
65 243 113 316 1.]
434 242 542 297 arnan
559 243 580 297 1.

65 408 113 451 ne
136 389 169 450 te
191 383 336 450 retrahas
359 384 640 450 et'inexcusabilis
664 385 763 469 absis,

65 473 157 538 mvis
179 471 228 538 nil
250 475 341 537 extra
362 494 530 538 numerum
554 473 666 538 fecisse
688 474 882 558 modumque

65 585 117 626 as.
141 561 302 626 interdum
325 561 456 645 nugaris
474 583 548 626 rure
567 566 712 663 paterno.
1031 579 1064 627 60

65 651 148 715 aitur
169 649 283 714 lintres
307 649 478 733 exercitus,
500 647 573 714 Act'
550 652 596 714 t1a
617 669 726 734 pugna

65 739 151 804 duce
173 759 232 822 per
252 757 369 821 pueros
390 699 504 802 hostili
526 759 614 803 more
635 738 785 823 refertur3

65 826 215 892 ersarius
239 829 288 891 est
309 825 420 909 frater,
442 826 531 890 lacus
553 824 688 910 Hadria,
711 827 809 892 donec

65 918 207 979 ,rutrum
229 913 323 979 velox
344 914 411 978 vict
412 914 481 978 oria
502 913 615 979 fronde
637 919 775 980 coronet.

65 1003 198 1081 sentire,
215 1002 283 1067 suis
306 1002 421 1066 studiis
445 1002 501 1086 qui
523 1002 694 1067 crediderit
716 1006 748 1068 te
1030 1019 1063 1068 65

65 1094 137 1176 tor,
159 1093 297 1174 utroque
319 1094 412 1155 tuum
434 1089 579 1154 laudabit
600 1089 716 1174 pollice
738 1091 859 1156 ludum.

65 1180 156 1244 tinus
180 1184 218 1243 ut
239 1200 400 1263 moneam,
422 1178 529 1263 siquid
551 1178 720 1244 monitoris
743 1200 818 1264 eges
840 1184 890 1245 tu:

65 1267 91 1332 d
113 1267 151 1333 de
176 1287 302 1350 quoque
324 1267 394 1330 viro
417 1270 451 1331 et
473 1266 524 1330 cui
547 1266 647 1350 dices,
670 1288 762 1351 saepe
784 1268 901 1333 videto.

65 1358 265 1421 conteteram
287 1354 406 1439 fugito:
428 1376 504 1418 nam
526 1354 674 1438 garrulus
697 1355 827 1439 idemst,

65 1473 68 1500 ;
95 1443 236 1509 retinent
257 1443 386 1526 patulae
409 1443 569 1507 conmissa
590 1442 728 1508 fideliter
750 1465 856 1527 aures,
1030 1459 1063 1508 70

65 1531 171 1596 semel
193 1530 347 1596 emissum
368 1531 457 1595 volat
479 1530 690 1609 inrevocabile
713 1532 854 1596 verbum,

65 1640 79 1682 ι
103 1618 219 1684 ancilla
240 1623 333 1683 tuum
355 1619 443 1683 iecur
464 1618 585 1683 ulceret
606 1618 673 1683 ulla
694 1640 812 1703 puerve

65 1728 95 1772 ἐ
116 1729 330 1772 marmoreum
352 1707 524 1772 venerandi
545 1706 644 1771 limen
666 1707 774 1791 amici,

78 1795 227 1861 dominus
249 1795 341 1879 pueri
363 1793 490 1878 pulchri
513 1816 642 1860 caraeve
664 1795 788 1879 puellae

65 1904 138 1948 nere
160 1887 192 1948 te
214 1905 313 1967 parvo
336 1883 409 1948 beet
432 1887 488 1947 aut
509 1883 730 1949 incommodus
754 1887 858 1968 anget.
1030 1899 1062 1949 75

65 1970 139 2036 uem
157 1970 371 2054 commendes,
390 1971 487 2035 etiam
506 1974 600 2055 atque
619 1971 717 2036 etiam
735 1971 853 2055 aspice,
875 1993 916 2036 ne
933 1992 1011 2035 mox

65 2060 168 2124 rtient
190 2059 294 2124 aliena
315 2059 376 2123 tibi
398 2063 528 2143 peccate
549 2059 711 2143 pudorem.

65 2144 215 2212 limuret
200 2147 397 2231 tquondam
419 2152 485 2212 non'
507 2148 640 2232 dignum
662 2147 831 2212 hadimus:
854 2167 930 2232 ergo

73 2256 189 2300 msua
211 2235 305 2319 culpa
325 2239 462 2336 premet,
485 2235 597 2319 decept
597 2257 635 2300 us
659 2236 771 2301 omitte
755 2235 892 2320 etueri3

72 2324 201 2408 penitus
223 2327 337 2388 notum
282 2323 401 2406 um,si
424 2327 582 2407 temptent
604 2324 750 2408 crimina,
772 2345 879 2422 serves
1029 2339 1063 2389 80

65 2412 196 2496 erisque
219 2415 277 2476 tuo
299 2373 450 2476 fidentem
472 2411 645 2495 praesidio:
668 2412 724 2496 qui

65 2504 110 2565 rte
132 2498 298 2564 Theonino
321 2521 394 2564 cum
417 2499 673 2584 circumroditur,
696 2500 811 2583 ecquid

81 2591 113 2653 te
134 2591 210 2672 post
231 2587 327 2672 paulo
350 2591 485 2652 ventura
506 2587 648 2672 pericula
670 2587 792 2652 sentis?

65 2696 92 2740 n
113 2680 170 2741 tua
191 2697 243 2740 res
266 2676 386 2760 egitur,
408 2676 512 2760 paries
536 2697 609 2741 cum
630 2676 797 2760 proximus
820 2674 922 2759 ardet,

89 2764 234 2849 neglecta
255 2764 361 2829 solent
382 2764 528 2829 incendia
550 2785 674 2830 sumere
696 2763 804 2866 vires]
1029 2781 1063 2831 85

65 2848 117 2916 lois
139 2852 316 2936 inexpertis
338 2852 463 2917 cultura
484 2853 606 2936 potent
597 2874 625 2917 1s
648 2852 754 2955 amici3

65 2944 168 3022 pertus
190 2941 314 3004 metuit.
355 2939 418 3024 Tu,
441 2940 554 3005 dumt
540 2943 597 3005 tua
617 2941 707 3005 nevis
729 2940 764 3004 in
786 2939 897 3024 altost,

65 3029 845 3200 ffhtlltfflthtiffllssltltfultum·

65 3163 77 3178 '‘
776 3165 786 3200 7

65 3201 160 3269 tetum
182 3205 311 3290 celeres,
334 3205 451 3290 egilem
473 3226 653 3288 navumque
675 3203 813 3290 remissi3
1029 3221 1064 3271 90

65 3312 139 3358 ores
164 3292 280 3379 [bibuli
302 3294 408 3359 media
430 3293 468 3357 de
490 3296 583 3358 nocte
604 3291 733 3357 Falerni

65 3380 164 3466 erunt]
188 3385 335 3466 porrecta
356 3384 525 3466 negantem
547 3380 674 3465 pocula,
697 3380 842 3464 quamvis

65 3471 190 3534 sturnos
212 3470 298 3535 iures
321 3473 353 3535 te
375 3468 547 3534 formidare
569 3471 704 3552 tepores.

65 3577 107 3623 me
129 3557 299 3643 supercilio
323 3557 453 3622 nubem:
475 3556 663 3641 plerumque
685 3558 849 3625 modestus
