2386 4020
111 2870 127 2919 5

93 3374 126 3422 10

504 215 702 271 cauumvu
844 219 970 292 [xxm
983 221 1064 275 xxvi

207 357 315 423 Voltis
338 359 440 423 seueri
462 381 513 423 me
538 381 665 443 quoque
687 382 812 425 sumere

207 446 337 511 Partem
358 445 508 511 Falerni?
548 446 644 510 Dicat
667 444 826 531 Opuntiae

255 534 368 598 Frater
390 533 563 619 Megyllae,
587 555 649 618 quo
673 534 784 601 beatus

299 622 452 706 Vulnere,
476 645 539 707 qua
560 626 670 706 pereat
692 624 819 709 sagitta

209 771 321 836 Cessat
342 772 514 837 uoluntas?
554 771 630 837 Non
653 771 716 836 alia
737 772 847 837 bibam

206 858 359 924 Mercede.
401 859 488 936 Quae
511 864 543 924 te
567 882 701 945 cumque
725 860 834 926 domat
857 862 982 949 Venus,

206 947 282 1014 Non
305 949 526 1013 erubescendis
550 949 656 1012 adurit
691 1031 693 1035 .

298 1035 432 1122 Ignibus
455 1038 657 1122 ingenuoque
680 1059 805 1121 semper

205 1185 325 1251 Amore
346 1209 467 1270 peccas.
509 1185 672 1271 Quidquid
693 1186 806 1271 habes,
829 1208 902 1273 age,

205 1274 338 1359 Depone
361 1275 441 1339 tutis
465 1275 602 1339 auribus
642 1274 673 1338 Α
695 1275 806 1360 miser,

255 1362 381 1439 Quanta
402 1363 529 1428 laboras
551 1364 586 1427 in
610 1362 783 1448 Charybdi,

297 1451 403 1537 Digne
425 1474 505 1535 puer
527 1451 658 1516 meliore
681 1452 823 1516 flamma!

206 1602 294 1679 Quae
317 1624 407 1687 saga,
431 1601 502 1685 quis
525 1605 557 1664 te
581 1599 703 1664 solvere
726 1599 888 1667 Thessalis

204 1690 320 1774 Magus
343 1691 487 1774 venenis,
511 1689 582 1773 quis
604 1688 724 1772 poterit
747 1689 845 1754 deus?

253 1778 319 1843 Vix
341 1778 511 1862 inligatum
534 1781 567 1841 te
590 1777 730 1841 triformi

297 1865 439 1951 Pegasus
463 1865 610 1949 expediet
633 1862 807 1930 Chimaera

517 2113 676 2122 ---—-

522 2313 673 2379 XXVIII.

181 2440 226 2504 Te
248 2437 346 2503 maris
366 2440 398 2502 et
420 2441 523 2502 terrae
545 2460 741 2522 numeroque
765 2441 902 2506 carentis
926 2442 1061 2509 harenae

224 2526 406 2591 Mensorem
429 2526 592 2610 cohibent,
614 2525 773 2610 Archyta,

181 2615 327 2680 Pulveris
350 2615 459 2699 exigui
480 2635 580 2698 prope
602 2614 680 2679 litus
703 2637 802 2698 parva
823 2614 983 2682 Matinum

224 2702 372 2787 Munera,
394 2725 452 2766 nec
475 2703 646 2786 quicquam
669 2703 730 2767 tibi
752 2704 883 2787 prodest

180 2850 350 2918 Aetherias
373 2855 547 2934 temptasse
570 2853 682 2917 domos
705 2853 876 2937 animoque
898 2857 1064 2920 rotundum

225 2940 423 3005 Percurrisse
445 2939 556 3023 polum
579 2943 743 3005 morituro.

181 3026 306 3094 Occidit
328 3034 360 3093 et
382 3028 511 3112 Pelopis
534 3029 673 3114 genitor,
696 3030 830 3094 conviva
853 3031 999 3118 deorum,

225 3117 446 3201 Tithonusque
468 3121 610 3182 remotus
633 3119 667 3181 in
690 3139 783 3181 auras

179 3265 333 3332 utrovis
356 3268 478 3331 arcanis
501 3265 607 3331 Minos
631 3267 801 3352 admissus,
824 3267 1008 3352 habentque

225 3355 359 3419 Tartara
379 3354 580 3420 Panthoiden
602 3356 720 3421 iterum
743 3353 825 3420 Orco

179 3444 378 3526 Demissum,
402 3444 547 3527 quamvis
570 3443 672 3526 clipeo
696 3444 834 3509 Troiana
856 3446 955 3510 refixo

224 3532 382 3616 Tempora
404 3535 540 3596 testatus
563 3532 645 3596 nihil
668 3533 753 3596 ultra
