2370 4028
45 247 69 301 1.
86 246 211 318 xxvn]
393 247 502 302 amna
518 249 565 304 m.

425 425 543 492 XXVI.

133 547 211 613 Vixi
233 550 349 634 puellis
371 571 473 635 nuper
495 551 628 616 idoneus

132 637 178 701 Et
199 638 340 702 militavi
361 660 427 704 non
449 639 518 705 sine
541 639 656 725 gloria3

175 724 271 790 Nunc
295 749 382 790 arma
405 727 653 812 defunctumque
675 728 759 793 bello

221 813 378 879 Barbiton
401 814 454 880 hic
476 816 581 899 paries
604 816 749 900 habebit,

132 955 274 1020 Laevum
297 956 438 1020 marinae
462 956 518 1039 qui
539 955 674 1021 Veneris
696 956 782 1022 latus
969 973 984 1021 5

134 1042 289 1108 Custodit.
329 1043 407 1128 Hic,
429 1043 483 1108 hic
504 1045 614 1128 ponite
636 1045 742 1110 lucida

175 1130 312 1196 Funalia
333 1136 367 1197 et
389 1136 495 1197 vectes
518 1135 569 1197 †et
592 1154 683 1197 arcus

221 1219 387 1304 Oppositis
409 1219 533 1285 foribus
556 1221 703 1286 minaces.

133 1359 160 1424 0
184 1382 264 1444 quae
286 1360 413 1425 beatam
437 1361 510 1424 diva
531 1365 620 1426 tenes
644 1360 784 1446 Cyprum
808 1367 841 1428 et

132 1448 299 1532 Memphin
322 1452 482 1514 carentem
506 1447 653 1515 Sithonia
676 1451 762 1535 nive,
950 1468 983 1515 10

176 1537 314 1621 Regina,
336 1537 469 1601 sublimi
490 1537 617 1622 flagello

220 1625 330 1710 Tange
353 1624 474 1690 Chloen
497 1625 596 1691 semel
619 1631 829 1712 arrogantem.

415 1957 549 2024 XXVII.

131 2081 241 2166 Inpios
263 2103 375 2167 parrae
397 2082 568 2146 recinentis
592 2103 685 2148 omen

130 2171 236 2235 Ducat
259 2174 291 2236 et
312 2190 491 2255 praegnans
515 2170 601 2235 canis
625 2175 680 2234 aut
703 2172 741 2236 ab
766 2193 842 2258 agro

131 2258 222 2323 Rava
244 2259 413 2323 decurrens
435 2258 512 2343 lupa
533 2258 699 2325 Lanuvino

174 2345 316 2431 Fetaquc
337 2347 461 2431 volpes3

130 2487 274 2572 Rumpat
296 2490 328 2550 et
350 2508 479 2571 serpens
502 2488 564 2552 iter
585 2488 783 2573 institutum,
965 2508 980 2556 5

132 2574 167 2640 si
189 2597 247 2659 per
269 2574 435 2658 obliquum
459 2575 573 2640 similis
597 2577 732 2660 sagittae

132 2663 260 2727 Terruit
282 2684 429 2728 mannos:
453 2685 512 2749 ego
536 2664 588 2729 cui
610 2665 743 2750 timebo,

174 2750 332 2815 Providus
355 2772 487 2836 auspex,

130 2890 314 2975 Antequam
337 2895 458 2956 stantes
481 2896 605 2976 repetat
626 2892 758 2977 paludes

129 2979 286 3044 Imbrium
310 2978 418 3043 divina
440 2981 507 3044 avis
530 2981 766 3067 imminentum,
946 3002 980 3050 10

130 3066 279 3132 Oscinem
302 3089 433 3132 corvum
454 3090 547 3153 prece
570 3069 730 3135 suscitabo

175 3155 258 3221 Solis
282 3155 321 3220 ab
346 3159 426 3220 ortu.

131 3297 183 3363 Sis
205 3296 282 3362 licet
303 3297 394 3381 felix,
417 3297 609 3382 ubicumque
631 3300 746 3384 mavis,

128 3385 174 3451 Et
196 3407 319 3450 memor
341 3386 457 3470 nostri,
480 3384 624 3471 Galatea,
646 3388 749 3472 vivas3

128 3474 237 3558 Teque
259 3496 318 3540 nec
339 3473 449 3539 laevus
471 3479 559 3539 vetat
581 3475 628 3540 ire
650 3476 741 3560 picus
946 3494 978 3542 1⁶

172 3562 242 3628 Nec
264 3583 346 3649 vaga
369 3563 486 3628 cornix.

784 3673 799 3720 6
806 3669 819 3697 ⁸
