2370 4028
88 189 131 254 26
496 189 692 244 cmunrvu
822 191 1052 262 [xxvrrrr-xr

108 348 124 397 ὁ
248 332 361 398 Nectis
384 336 519 397 catenas.
562 331 649 409 Quae
672 333 732 397 tibi
755 333 927 418 virginum

249 420 374 505 Sponso
397 426 508 485 necato
531 421 667 485 barbara
688 421 827 486 serviet?

293 510 378 574 Puer
400 508 472 593 quis
496 531 535 573 ex
558 509 631 573 aula
653 509 777 594 capillis

336 597 389 662 Ad
411 597 563 681 cyathum
586 601 746 662 statuetur
767 598 892 683 matie,

248 745 371 811 Doctus
395 748 530 832 sagittas
554 747 682 811 tendere
706 745 829 812 Sericas

249 834 338 900 Arcu
360 835 516 919 paterno?
557 833 636 911 Quis
659 838 754 920 neget
777 835 888 900 arduis

292 922 417 987 Pronos
439 923 540 988 relabi
562 944 656 1007 posse
679 923 765 987 rivos

336 1010 502 1076 Montibus
525 1015 557 1075 et
579 1011 720 1075 Tiberim
743 1011 874 1097 reverti,

250 1158 330 1224 Cum
353 1164 389 1224 tu
412 1165 575 1244 coemptos
597 1160 738 1244 undique
761 1161 881 1226 nobilis

248 1247 362 1312 Libros
385 1247 532 1331 Panaeti,
555 1247 749 1313 Socraticam
772 1252 805 1313 et
827 1249 964 1316 domum

292 1335 419 1401 Mutare
440 1337 549 1401 loricis
572 1336 716 1421 Hiberis,

336 1424 504 1490 Pollicitus
527 1425 673 1509 meliora,
696 1425 823 1490 tendis?

514 1674 672 1682 -——.---

545 1873 645 1936 XXX.

248 1991 275 2058 O
298 1993 422 2079 VenuS,
445 1996 557 2080 regina
579 1994 672 2060 cnidi
694 1997 874 2082 Paphique,

249 2081 369 2166 Sperne
393 2083 541 2148 dilectam
565 2083 693 2168 Cypron
715 2089 748 2150 et
769 2087 914 2152 vocantis

248 2170 331 2236 Ture
354 2176 386 2236 te
408 2172 511 2236 multo
536 2171 689 2256 Glycerae
712 2175 858 2239 decoram

335 2260 485 2325 Transfer
507 2260 541 2324 in
565 2261 681 2325 aedem.

246 2407 402 2474 Fervidus
424 2414 531 2475 tecum
553 2432 633 2494 puer
656 2414 688 2475 et
710 2410 825 2474 solutis

249 2496 376 2564 Gratiae
399 2499 487 2563 zonis
509 2503 744 2583 properentque
766 2498 938 2582 Nymphae

246 2585 291 2650 Et
313 2609 427 2671 parum
450 2587 549 2651 comis
573 2587 640 2652 sine
664 2591 696 2652 te
718 2586 869 2652 Iuventas

334 2674 581 2758 Mercuriusque.

512 2923 670 2933 ——-—

533 3113 649 3178 XXXI.

246 3236 330 3314 Quid
354 3237 533 3302 dedicatum
556 3239 660 3321 poscit
682 3237 866 3321 Apollinem

244 3325 366 3391 Vates?
407 3324 492 3402 Quid
515 3330 598 3410 orat,
622 3326 660 3390 de
682 3330 793 3410 patera
814 3348 934 3391 novum

289 3413 439 3478 Fundens
462 3414 641 3499 liquorem?
681 3414 756 3480 Non
779 3415 904 3498 opimae

334 3501 498 3568 Sardiniae
522 3507 645 3588 segetes
667 3504 800 3586 feraceS,
