2370 4028
55 229 134 302 rm]
485 231 593 287 amaa
610 233 644 288 11.

55 373 105 438 Et
129 373 259 439 decedet
281 374 360 440 odor
382 376 488 441 nervis
511 375 671 461 inimicus3
695 375 807 440 atille

58 461 228 547 Integrum
250 463 389 547 perdunt
410 462 477 528 lino
499 464 613 528 vitiata
635 485 789 548 saporem.

60 549 251 615 Surrentina
272 551 361 616 vafer
384 552 440 636 qui
461 551 575 616 miscet
596 551 683 617 faece
705 551 840 617 Falerna
1083 568 1118 618 55

58 637 159 723 Vina,
182 638 365 704 columbino
387 639 502 705 limum
523 639 605 704 bene
627 639 752 725 colligit
774 661 848 724 ovo,

60 725 225 803 Quatenus
248 726 313 791 ima
334 727 418 810 petit
438 727 569 793 volvens
592 727 696 791 aliena
716 727 854 793 vitellus.

60 813 170 879 'Poetis
191 819 385 880 marcentem
409 815 536 900 squillis
559 816 715 881 recreabis
738 819 771 881 et
792 814 873 879 Afra

60 902 213 968 Potorem
237 901 377 968 cochlea:
399 926 475 967 nam
496 903 620 968 lactuca
641 905 767 968 innatat
789 904 855 967 acri

60 990 141 1056 Post
162 991 274 1055 vinum
297 991 475 1076 stomach03
496 1014 596 1075 perna
616 993 720 1076 magis
744 1013 779 1056 ac
801 991 904 1077 magis
926 990 1015 1056 hillis
1083 1007 1117 1058 60

60 1078 204 1164 Flagitat
225 1079 386 1144 inmorsus
409 1080 510 1163 refici,
533 1079 610 1164 quin
633 1080 741 1144 omnia
761 1080 867 1163 malit,

61 1166 286 1252 Quaecumque
308 1167 470 1232 inmundis
491 1168 616 1233 fervent
639 1168 744 1231 adlata
765 1168 901 1251 popinis.

60 1254 124 1319 Est
146 1277 259 1339 operae
281 1255 421 1338 pretium
444 1254 580 1338 duplicis
602 1277 789 1339 pernoscere
811 1256 891 1320 iuris

60 1342 228 1408 Naturam.
270 1341 414 1426 Simplex
436 1366 454 1408 e
477 1343 562 1408 dulci
584 1348 710 1408 constat
732 1344 832 1428 olivo,

61 1429 156 1506 Quod
176 1431 290 1515 pingui
311 1431 445 1497 miscere
467 1453 554 1496 mero
577 1433 742 1516 muriaque
766 1431 889 1497 decebit

59 1517 137 1583 Non
160 1517 223 1583 alia
245 1539 340 1603 quam
364 1540 427 1603 qua
447 1518 604 1602 Byzantia
625 1521 734 1603 putuit
756 1541 837 1584 orca.

59 1605 133 1671 Hoc
155 1605 213 1670 ubi
235 1605 404 1672 confusum
426 1607 521 1672 sectis
545 1607 698 1679 inferbuit
719 1607 828 1672 herbis

60 1693 260 1778 Corycioque
283 1715 376 1759 croco
399 1703 545 1778 sparsum
568 1696 671 1780 stetit,
694 1695 825 1779 insuper
847 1695 942 1760 addes

59 1781 177 1847 Pressa
198 1780 398 1847 Venafranae
421 1783 507 1867 quod
528 1782 608 1848 baca
629 1783 753 1848 remisit
775 1783 885 1849 olivae.

58 1869 187 1935 Picenis
211 1869 328 1935 cedunt
348 1872 452 1954 pomis
475 1870 622 1936 Tiburtia
644 1894 733 1936 suco:

56 1957 146 2024 Nam
168 1957 248 2023 faci'e
270 1961 441 2042 praestant.
481 1957 692 2024 Vennuncula
714 1960 862 2024 convenit
885 1959 972 2044 ollis3

55 2045 193 2110 Rectius
215 2044 375 2110 Albanam
397 2046 486 2112 fumo
510 2047 672 2113 duraveris
694 2070 798 2112 uvam.

55 2132 154 2198 Hanc
175 2154 235 2219 ego
258 2155 330 2198 cum
353 2134 459 2219 malis,
482 2155 542 2220 ego
564 2136 684 2201 faecem
706 2136 829 2221 primus
853 2140 884 2200 et
907 2134 1000 2219 allec,

56 2221 189 2286 Primus
212 2224 244 2286 et
265 2222 411 2287 invenior
432 2224 524 2307 piper
546 2223 654 2288 album
677 2247 749 2288 curn
772 2224 838 2289 sale
860 2224 952 2308 nigro

55 2308 222 2374 Incretum
244 2310 335 2393 puris
359 2310 624 2395 circumposuisse
648 2313 772 2378 catillis.

54 2395 224 2462 Inmanest
244 2398 360 2463 vitium
384 2398 458 2463 dare
480 2399 570 2464 milia
591 2403 682 2464 terna
703 2400 836 2464 macello

54 2484 272 2570 Angustoque
294 2507 394 2572 vagos
417 2487 520 2570 pisces
543 2509 679 2572 urguere
703 2489 816 2552 catino.

54 2571 180 2658 Magna
200 2579 309 2639 movet
331 2574 495 2640 stomacho
517 2575 659 2659 fastidia,
682 2597 737 2640 seu
759 2597 839 2659 puer
860 2576 966 2641 unctis

54 2659 223 2726 Tractaut
245 2662 375 2728 calicem
397 2663 558 2747 manibus,
581 2664 657 2728 dum
680 2663 783 2727 frusta
803 2663 946 2748 ligurrit,

54 2747 136 2815 Sive
158 2750 265 2834 gravis
287 2751 388 2820 veteri
411 2755 565 2816 creterrae
586 2752 684 2816 limus
707 2751 859 2816 adhaesit.

51 2834 189 2902 Vilibus
211 2838 246 2902 in
268 2839 386 2923 scopis,
409 2839 442 2903 in
465 2841 604 2925 mappis,
626 2841 660 2905 in
683 2839 777 2904 scobe
801 2843 939 2924 quantus

53 2923 217 2991 Consistit
238 2926 406 3010 sumptus?
445 2926 611 3012 Neglectis
633 2929 793 3013 flagitium
815 2927 937 3014 ingens.

50 3012 127 3079 Ten
148 3012 271 3097 lapides
293 3015 399 3080 varios
421 3014 580 3079 lutulenta
602 3016 711 3080 radere
734 3015 840 3100 palma

48 3101 102 3168 Et
124 3100 239 3185 Tyrias
262 3101 336 3167 dare
360 3103 478 3167 circum
501 3103 603 3167 inlota
624 3104 739 3168 toralia
760 3108 879 3187 vestes,

49 3187 218 3274 Oblitum,
241 3194 359 3275 quanto
383 3212 491 3254 curam
514 3195 740 3276 sumptumque
762 3193 918 3257 minorem

46 3276 146 3344 Haec
167 3276 319 3362 habeant,
341 3281 431 3343 tanto
454 3278 619 3362 ‘sreprendi
642 3281 758 3344 iustius
782 3280 860 3366 illis,

47 3365 146 3443 Quae
168 3366 232 3430 nisi
254 3365 407 3431 divitibus
430 3370 590 3450 nequeant
612 3369 796 3454 contingere
818 3369 977 3434 mensis?'

46 3454 172 3519 ‘Docte
195 3451 279 3537 (lati,
300 3476 357 3538 per
379 3454 553 3519 amicitiam
577 3455 730 3541 divosque
752 3462 898 3543 rogatus,

40 3542 182 3612 Ducere
203 3563 254 3607 me
278 3542 435 3627 auditum,
457 3563 571 3630 perges
595 3566 809 3631 quocumque,
831 3550 1000 3610 memento.
