2386 4020
497 230 613 286 LIBER.

158 375 162 391 “
208 375 376 452 Quietiora
398 396 457 440 neo
479 374 600 439 feratur
622 396 757 458 aequore

255 462 359 540 Quam
383 461 479 527 Graia
500 463 658 527 viatorum
681 485 808 546 manus,

208 550 292 617 Cum
314 549 421 615 Pallas
443 554 517 615 usto
540 551 638 615 vertit
659 551 740 614 iram
764 552 803 616 ab
826 551 887 617 llio

255 638 294 704 In
317 639 438 723 inpiam
459 636 569 702 Aiacis
590 643 700 703 ratem

209 725 238 792 0
262 732 401 812 quantus
423 727 524 791 instat
545 727 662 791 navitis
686 728 782 792 sudor
805 727 870 791 tuis
1024 745 1056 793 15

254 815 392 900 Tibique
414 815 519 899 pallor
539 814 646 879 luteus

208 903 256 968 Et
277 903 335 968 illa
356 925 422 968 non
443 903 545 967 virilis
568 902 722 967 heiulatio

254 991 370 1056 Preces
393 995 426 1057 at
448 1013 594 1056 aversum
617 990 656 1054 ad
678 989 800 1075 Iovem,

211 1077 321 1145 Ionius
344 1079 408 1144 udo
431 1101 504 1143 oum
526 1079 708 1164 remugiens
731 1081 820 1144 sinus

254 1167 342 1233 Noto
367 1167 506 1232 carinam
528 1167 659 1250 ruperit.
1023 1186 1057 1234 20

213 1252 328 1339 Opima
351 1255 465 1340 quodsi
487 1255 604 1339 praeda
626 1277 722 1319 ourvo
745 1256 839 1320 litore

255 1343 407 1408 Porraota
429 1364 556 1428 mergos
579 1343 711 1426 iuveris,

214 1430 416 1497 libidinosus
439 1431 658 1496 immolabitur
681 1453 773 1514 caper

254 1521 299 1584 Et
322 1541 406 1605 agna
426 1519 693 1603 Tempestatibus,

528 1923 583 1988 XI.

64 1942 68 1985 ι

64 1990 68 2113 i
122 2018 198 2120 Pelii,
220 2047 300 2113 nihil
321 2069 373 2111 me
397 2047 481 2111 siout
504 2051 597 2111 antea
618 2047 708 2112 iuvat

152 2112 285 2200 Scribere
307 2134 482 2200 versiculos
506 2156 612 2200 amore
635 2158 821 2219 percussum
845 2137 948 2220 gravi,

115 2191 232 2306 Alme,
253 2225 308 2309 qui
331 2245 382 2288 me
403 2228 531 2307 praeter
554 2245 663 2288 omnes
686 2226 807 2308 expetit

108 2285 293 2434 fflM0llibus
316 2312 351 2376 in
373 2311 481 2396 pueris
504 2312 616 2377 autin
638 2312 754 2396 puellis
777 2335 875 2378 urere.

141 2387 294 2465 llertius
316 2399 506 2484 December,
529 2423 569 2464 ex
592 2422 655 2484 quo
679 2400 787 2466 destiti

105 2458 270 2606 Hlssaehja
291 2489 410 2572 furere,
433 2488 523 2554 silvis
546 2487 700 2553 honorem
723 2489 852 2553 decutit.

129 2568 157 2616 ⁰¹¹
177 2583 257 2663 Ine,
278 2599 336 2661 per
358 2576 485 2662 urbem,
506 2598 581 2641 nam
602 2578 702 2661 pudet
724 2579 807 2641 tanti
829 2578 919 2660 mali,

103 2634 262 2784 Inlabpla
284 2668 405 2750 quanta
425 2664 487 2749 fui,
509 2664 728 2731 conviviorum
751 2669 788 2729 ut
809 2667 964 2750 paenitet,

148 2751 232 2817 (llus
253 2757 413 2818 amantem
435 2753 572 2838 languor
594 2757 627 2818 et
649 2754 812 2818 silentium

104 2811 260 2959 „Girguit
282 2845 315 2908 et
336 2841 436 2906 latere
459 2841 580 2926 petitus
603 2842 668 2906 imo
692 2843 833 2925 spiritns.
1024 2861 1057 2908 10

132 2913 267 2995 01¹irene
288 2930 414 2996 luorum
436 2930 484 2994 nil
505 2929 610 2994 valere
634 2930 803 2994 candidum

105 2986 511 3134 S.P2uperisingenium1'
534 3018 689 3102 querebar
712 3019 881 3102 adplorans
905 3019 979 3103 tibi,

122 3089 198 3159 unul
226 3106 356 3174 ualentis
378 3106 609 3172 inverecundus
633 3106 710 3171 deus

103 3242 111 3272 ‹
136 3161 321 3260 Fervidjore
343 3217 431 3260 mero
455 3216 569 3261 aroana
589 3199 755 3279 promorat
776 3195 857 3260 looo.

112 3245 231 3362 Ququi
251 3283 331 3348 meis
353 3284 512 3349 inaestuet
534 3283 727 3368 praecordiis
1022 3302 1054 3349 15

135 3336 255 3436 leera
276 3372 365 3456 bilis,
388 3375 426 3436 ut
447 3371 525 3437 haee
548 3372 675 3457 ingrata
696 3372 801 3436 ventis
825 3372 947 3436 dividat

121 3443 262 3544 ⁰¹¹1211ta,
284 3460 399 3526 volnus
422 3460 470 3525 nil
491 3459 611 3525 malum
633 3461 787 3546 levantia,

133 3510 272 3615 Desinet
293 3549 459 3634 inparibus
483 3553 603 3614 certare
626 3549 794 3612 submotus
817 3549 941 3632 pudor.²
