2370 4028
76 235 121 306 n]
400 234 508 289 arans
526 235 559 290 u.
940 239 982 302 41
1067 235 1070 240 ·

135 377 247 442 Amice
270 377 380 462 Valgi,
403 382 468 443 stat
491 376 609 463 glacies
632 379 717 444 iners
967 398 984 447 5

136 466 262 531 Menses
284 488 342 550 per
364 488 487 550 omnes,
510 470 566 531 aut
589 467 792 551 aquilonibus

181 555 363 638 Querqueta
387 553 526 639 Gargani
548 554 697 619 laborant

224 642 270 707 Et
292 643 380 734 foliis
401 643 574 707 viduantur
597 645 679 708 orni:

136 792 185 858 lu
209 815 333 877 semper
355 814 472 877 urgues
494 793 656 857 flebilibus
679 793 783 858 modis

137 881 264 964 Mysten
287 882 484 965 ademptum,
506 903 565 945 nec
588 882 649 945 tibi
671 903 802 965 vespero
949 898 983 945 10

181 969 338 1054 Surgente
362 970 517 1033 decedunt
539 991 662 1034 amores

223 1057 292 1122 Nec
313 1057 461 1142 rapidum
482 1057 625 1142 fugiente
648 1057 757 1122 solem.

136 1206 181 1271 At
203 1229 268 1272 non
290 1212 340 1272 ter
363 1228 440 1271 aevo
463 1206 592 1271 functus
616 1206 785 1270 amabilem

135 1296 279 1360 Ploravit
302 1318 411 1360 omnes
434 1293 644 1359 Antilochum
667 1316 764 1359 senex

180 1383 304 1467 Annos,
327 1406 385 1448 nac
408 1383 559 1466 inpubem
582 1388 729 1467 parentes
948 1401 982 1450 15

224 1472 355 1536 Troilon
378 1476 434 1535 aut
455 1470 615 1556 Phrygiae
638 1493 763 1536 sorores

134 1621 266 1685 Flevere
289 1644 422 1705 semper.
463 1621 581 1685 Desine
604 1620 750 1684 mollium

136 1709 277 1773 Tandem
300 1710 526 1793 querellarum,
550 1714 582 1773 et
604 1709 712 1792 potius
735 1731 818 1773 nova

182 1796 352 1862 Cantemus
374 1797 516 1882 Augusti
538 1801 670 1880 tropaea

198 1884 355 1969 Caesaris,
378 1890 410 1950 et
432 1885 572 1969 rigidum
594 1884 758 1969 Niphaten
947 1901 982 1949 20

135 2034 327 2119 Medumque
349 2037 469 2099 flumen
491 2035 640 2120 gentibus
663 2035 806 2098 additum

135 2122 240 2188 Victis
262 2124 401 2187 minores
424 2123 551 2187 volvere
573 2123 721 2206 vertices,

179 2210 330 2295 Intraque
353 2212 584 2295 praescriptum
608 2209 746 2275 Gelonos

223 2299 360 2384 Exiguis
383 2300 525 2383 equitare
549 2299 677 2383 campis.

401 2549 560 2557 ——-—

463 2748 501 2811 X.

107 2872 239 2936 Rectius
261 2872 363 2954 viveS,
385 2870 502 2954 Licini,
525 2893 628 2954 neque
652 2870 753 2934 altum

109 2958 241 3042 Semper
262 2958 427 3043 urguendo
450 2981 566 3043 neque,
590 2959 665 3022 dum
688 2959 842 3043 procellas

109 3046 228 3110 Cautus
251 3047 423 3129 horresciS,
445 3047 581 3111 nimium
603 3047 775 3131 premendo

152 3134 245 3199 Litus
268 3136 423 3218 iniquum.

106 3283 247 3348 Auream
270 3285 415 3368 quisquis
437 3284 689 3349 mediocritatem

107 3373 237 3458 Diligit,
260 3376 350 3436 tutus
373 3377 459 3437 curet
482 3372 619 3436 obsoleti

108 3460 263 3526 Sordibus
286 3462 375 3545 tecti,
398 3465 484 3525 caret
507 3461 676 3524 invidenda

152 3547 286 3614 Sobrius
310 3549 389 3613 aula.
