2370 4028
407 215 517 271 LIBER
533 216 580 271 111.

144 357 215 424 Nee
236 380 313 423 vera
335 358 453 443 virtus,
476 381 548 425 oum
572 359 671 425 semel
694 360 825 446 excidit,

147 446 245 512 Curat
267 447 380 530 reponi
403 447 623 513 deterioribus.

191 533 226 600 Si
248 538 372 621 pugnat
395 536 550 600 extricata
573 536 679 600 densis

235 623 336 688 Cerva
357 622 478 708 plagis,
502 625 564 689 erit
585 624 640 689 ille
662 624 770 709 fortis,

147 798 210 876 Qui
232 799 362 883 perfidis
386 820 420 864 se
444 800 578 865 eredidit
599 800 761 885 hostibus,

145 888 190 953 Et
212 891 315 952 marte
336 886 463 953 Poenos
485 892 628 972 proteret
651 888 766 973 altere,

191 975 254 1053 Qui
275 975 346 1041 lora
367 976 525 1041 restrictis
548 977 676 1042 lacertis

236 1062 344 1129 Sensit
367 1064 452 1129 iners
475 1065 648 1149 timuitque
671 1069 815 1130 mortem.

145 1239 221 1325 Hie,
244 1241 328 1304 unde
350 1241 451 1304 vitam
474 1245 615 1305 sumeret
638 1241 765 1325 anxius,

146 1329 263 1394 Paoem
287 1328 392 1393 duello
416 1328 554 1394 miscuit.
596 1327 762 1413 Opud0r1

191 1414 217 1481 0
240 1438 358 1501 magna
382 1415 556 1504 Carthago,
578 1417 744 1501 probrosis

231 1503 342 1576 Altior
364 1503 477 1570 Italiae
499 1506 632 1570 ruinisl'

145 1681 262 1746 Fertur
283 1681 418 1764 pudicae
441 1682 587 1766 coniugis
610 1681 754 1746 osculum

146 1770 331 1853 Parvosque
353 1772 446 1834 natos
469 1773 506 1834 ut
529 1770 643 1854 eapitis
665 1769 771 1834 minor

189 1856 242 1922 Ab
266 1880 300 1923 se
322 1858 496 1923 removisse
519 1861 551 1923 et
572 1858 699 1922 virilem

235 1945 359 2011 Torvus
382 1945 474 2010 humi
496 1946 642 2030 posuisse
664 1944 802 2030 voltum,

145 2122 255 2187 Doneo
278 2120 423 2187 labantes
447 2122 581 2188 oonsilio
603 2126 711 2207 patres

145 2210 305 2275 Firmaret
328 2214 439 2275 auotor
461 2232 636 2295 numquam
660 2211 738 2276 alias
762 2211 850 2294 dato,

190 2296 341 2382 Interque
363 2303 541 2363 maerentes
565 2299 684 2364 amieos

233 2386 395 2472 Egregius
417 2391 603 2471 properaret
625 2386 724 2452 exsul.

146 2561 248 2647 Atqui
271 2562 405 2646 sciebat,
429 2584 510 2647 quae
533 2563 596 2628 sibi
618 2563 774 2628 barbarus

145 2651 262 2716 Tortor
283 2655 419 2735 pararet.
459 2651 536 2718 Non
559 2652 651 2716 aliter
673 2656 781 2716 tamen

191 2739 337 2805 Dimovit
359 2740 524 2805 obstantes
546 2741 745 2824 propinquos

234 2828 280 2893 Et
302 2828 458 2913 populum
480 2828 603 2893 reditus
625 2832 817 2913 morantem,

147 3005 250 3083 Quam
273 3004 302 3069 si
325 3004 478 3069 clientum
500 3004 598 3091 longa
620 3005 751 3090 negotia

144 3093 328 3159 Diiudioeta
349 3093 407 3157 lite
430 3093 637 3178 relinqueret,

189 3181 336 3246 Tendens
359 3180 558 3246 Venafranos
581 3183 615 3246 in
639 3202 733 3266 agros

234 3268 302 3334 Aut
324 3269 611 3335 Lacedaemonium
634 3270 816 3336 Tarentum.
