2370 4028
162 228 224 295 198
533 228 789 284 EPISTVLARVM
1061 227 1109 301 [lll
1153 221 1158 274 ἶ

159 372 296 438 Aeshrst
318 376 351 437 et
371 372 457 437 ritae
480 371 679 437 disconvenit
702 372 813 437 ordine
835 376 920 456 toto,

91 478 141 527 100
159 460 282 546 Diruit,
304 460 463 544 aedificet,
485 464 590 525 mutet
613 460 768 545 quadrata
788 460 950 546 rotundis3

159 548 303 614 Insunire
324 552 419 632 putas
443 547 610 613 sollemnia
630 571 682 613 me
705 569 809 633 neque
830 548 930 633 rides,

158 636 228 703 Neo
249 636 365 701 medici
388 635 489 701 credis
512 657 570 702 nec
592 636 748 701 curatoris
772 656 866 722 egere

158 724 190 790 A
211 729 358 810 praetore
381 724 461 809 deti,
482 745 589 789 rerum
611 725 714 790 tutele
734 746 880 790 mearum

126 821 131 830 '
160 812 241 879 (lum
264 813 309 879 sis
332 816 365 877 et
386 834 483 896 preve
505 817 628 878 sectum
650 813 861 879 stomacheris
884 813 926 878 ob
948 832 1067 898 unguen

91 916 141 966 105
160 901 209 966 De
231 905 263 966 te
285 900 467 985 pendentis,
489 905 523 965 te
545 901 745 985 respicientis
768 899 887 966 amici?

159 988 212 1054 hd
234 1010 404 1054 summam:
428 989 553 1073 sepiens
576 1010 641 1053 uno
663 989 769 1054 minor
790 993 841 1054 est
863 987 954 1073 Iove,
977 988 1061 1071 dives,

159 1076 269 1161 Liber,
290 1076 480 1161 honoratus,
502 1076 649 1161 pulcher,
671 1099 728 1142 rex
750 1077 889 1161 denique
911 1097 1030 1162 regum,

159 1164 333 1250 Praecipue
356 1186 465 1249 sanus,
486 1165 550 1230 nisi
574 1186 647 1230 cum
669 1165 788 1250 pituitc
809 1164 985 1230 moleste-st

642 1479 676 1546 11

159 1602 291 1668 Troiani
312 1602 391 1668 belli
413 1603 614 1688 scriptorem,
636 1602 776 1669 Maxime
797 1602 898 1688 Lolli,

159 1691 246 1755 Dum
269 1695 306 1756 tu
329 1691 487 1755 declamas
509 1690 643 1776 Romae,
665 1691 836 1756 Praeneste
858 1691 973 1778 relegi,

161 1777 236 1863 Qui,
263 1778 341 1863 quid
363 1779 406 1843 sit
427 1778 611 1863 pulchrum,
638 1779 716 1864 quid
737 1783 845 1864 turpe,
871 1780 950 1864 quid
972 1778 1055 1862 utile,
1073 1765 1120 1860 quil

159 1953 291 2019 Plenius
314 1975 351 2020 cc
372 1953 487 2019 melius
511 1953 690 2039 Chrysippo
713 1958 746 2020 et
769 1889 1029 2021 Orentorldoliioit

126 2040 226 2108 ocur
247 2043 294 2107 ite
316 2042 516 2126 crediderim,
538 2042 601 2107 nisi
625 2041 702 2127 quid
724 2046 757 2106 te
780 2043 916 2127 detinet,
939 2043 1020 2109 audi

159 2130 295 2215 Pabula,
318 2152 382 2215 que
402 2129 528 2195 Paridis
550 2135 682 2215 propter
702 2134 852 2196 narretur
873 2152 1015 2197 amorem

162 2217 294 2284 Graecia
314 2219 480 2283 barbarice
502 2218 589 2283 lento
613 2218 724 2283 collisa
746 2218 865 2303 duello,

161 2305 342 2371 Stultorum
364 2326 476 2391 regum
499 2310 532 2371 et
552 2305 745 2392 populorum
767 2307 912 2372 continet
933 2311 1045 2374 cestus.

160 2393 306 2459 Antenor
328 2398 436 2458 censet
457 2394 534 2458 belli
556 2394 738 2479 praecidere
760 2415 902 2461 causam:

110 2499 143 2549 10
162 2481 247 2559 Quid
267 2481 381 2547 Paris?
403 2487 441 2547 ut
462 2483 570 2547 sulvus
593 2487 705 2568 regnet
726 2482 877 2568 vivetque
898 2482 1025 2568 beatus

162 2569 242 2656 Cogi
264 2592 358 2655 posse
380 2574 486 2656 neget.
526 2568 646 2636 Nestor
668 2592 845 2656 conponere
867 2570 942 2638 lites

160 2657 250 2724 Inter
271 2656 403 2724 Peliden
425 2658 558 2723 festinet
580 2663 613 2723 et
634 2658 720 2724 inter
740 2657 885 2724 Atriden.

160 2745 256 2811 Hunc
278 2769 380 2831 emor,
402 2747 450 2810 ire
473 2747 600 2831 quidem
623 2747 835 2812 communiter
856 2747 924 2812 urit
946 2751 1105 2831 utrumque

161 2832 324 2918 Quidquid
346 2833 483 2900 delirent
504 2855 611 2920 reges,
633 2834 819 2918 plectuntur
839 2832 967 2899 Achivi.

110 2937 142 2986 15
162 2920 338 3007 Seditione,
360 2922 455 3007 dolis,
477 2922 594 2988 scelere
617 2927 713 3007 atque
734 2922 867 2988 libidine
890 2927 924 2988 et
945 2923 995 2988 irc

161 3009 276 3076 Iliacos
298 3011 384 3076 intra
405 3032 515 3076 muros
536 3014 686 3094 peccatur
708 3015 742 3076 et
763 3015 861 3076 exerc

160 3097 299 3183 Rursus,
322 3099 400 3184 quid
421 3100 525 3164 virtus
548 3103 581 3163 et
603 3098 681 3183 quid
703 3099 860 3183 sapientie
881 3099 999 3184 possit,

160 3184 249 3251 Vtile
271 3187 441 3271 proposuit
462 3186 555 3251 nobis
578 3187 740 3271 exemplar
762 3185 905 3272 Vlixem,

161 3271 224 3350 Qui
247 3272 386 3339 domitor
407 3274 521 3340 Troice
543 3275 720 3340 multorum
741 3274 894 3360 providus
916 3274 1013 3340 urbes

109 3377 143 3427 20
160 3360 205 3426 ut
228 3383 333 3427 mores
355 3361 522 3428 hominum
544 3363 685 3448 inspexit
706 3363 871 3447 latumque
893 3384 951 3446 per
974 3382 1094 3447 aequor,

161 3449 248 3513 Dum
271 3449 347 3534 ribi,
371 3449 447 3515 dum
468 3452 564 3517 sociis
587 3451 726 3516 reditum
747 3455 853 3536 peret,
876 3472 991 3534 aspero
1011 3448 1099 3516 mult

161 3535 313 3624 Pertulit,
336 3537 476 3604 adversis
499 3561 605 3604 rerum
628 3539 840 3606 inmerscbilis
863 3539 967 3605 undis.
