2370 4028
399 225 585 282 urrunnu.
954 230 996 295 93

146 371 229 435 Tum
251 393 353 455 meae,
376 370 483 455 siquid
505 370 621 455 loquor
643 372 850 458 audiendum,
961 391 996 438 45

146 459 245 524 Vocis
268 460 395 525 secedet
416 460 501 524 bona
523 481 611 543 pars,
635 463 667 524 et
690 461 721 525 ‘o
744 461 794 526 sol

145 547 297 632 Pulcher,
320 570 339 612 0
361 547 548 612 laudandel'
572 570 684 613 eanum
706 553 834 633 reeeplo

191 635 324 701 Caesare
346 636 433 700 felix.

146 784 285 870 †Teque,
308 786 384 850 dum
407 787 565 870 procedit,
589 785 635 851 ‘io
659 784 852 870 triumphel'

144 873 221 940 Non
242 873 342 938 semel
364 874 519 960 dicemus,
542 875 589 939 ‘io
613 874 805 957 triumphel'

147 961 267 1027 Civitas
291 962 394 1026 omnis
417 962 628 1047 dabimusque
652 963 734 1026 divis

189 1049 276 1114 Tura
297 1051 453 1135 benignis,

146 1199 191 1264 Te
214 1200 322 1264 decem
345 1200 430 1264 lauri
452 1199 650 1284 totidemque
672 1221 798 1283 vaccae,

144 1287 198 1352 Me
221 1292 311 1352 tener
333 1288 436 1353 solvet
457 1287 593 1372 vitulus,
615 1289 728 1353 relicte

145 1375 249 1440 Matre
273 1377 328 1460 qui
350 1376 449 1460 largis
473 1376 649 1441 iuvenescit
671 1375 779 1441 herbis

189 1463 228 1528 In
251 1487 322 1528 mes
343 1468 431 1549 vola,

145 1613 264 1678 Fronte
288 1618 435 1679 curvatos
458 1614 603 1679 imitatus
626 1615 718 1699 ignes

145 1702 289 1766 Tertium
310 1701 405 1767 lunae
427 1702 594 1767 referentis
618 1706 738 1785 orium,

146 1790 216 1867 Qua
236 1793 347 1855 nolam
370 1790 475 1875 duxit,
498 1791 609 1855 niveus
632 1790 747 1874 videri,

190 1876 303 1942 Cetera
323 1878 440 1944 fulvus.

461 2325 519 2392 HL

96 2453 198 2529 Quem
220 2455 271 2536 tu,
293 2450 507 2535 Melpomene,
530 2450 629 2516 'semel

138 2540 331 2606 Nascenbem
354 2539 479 2622 placido
501 2539 622 2605 lumine
644 2537 776 2623 rideris,

95 2628 192 2694 Illum
215 2650 280 2692 non
301 2627 394 2692 luber
415 2625 570 2692 Isthmius

141 2715 283 2781 clarabit
305 2716 461 2800 pugilem,
483 2738 549 2781 non
571 2737 672 2800 equus
695 2714 821 2799 inpiger
894 2792 898 2803 ι

95 2864 199 2930 Curru
222 2866 316 2929 ducet
337 2864 478 2929 Achaico
977 2880 992 2928 ὅ

139 2953 318 3037 Vicborem,
341 2974 444 3037 neque
466 2974 517 3017 res
540 2952 655 3017 bellica
676 2950 779 3014 Deliis

94 3040 251 3106 Ornabum
273 3041 361 3106 foliis
384 3040 510 3124 durem,

139 3129 232 3207 Quod
254 3151 367 3215 regum
390 3129 530 3194 tumidus
553 3126 734 3193 contuderit
756 3126 874 3211 minas,

93 3278 250 3344 Osiendeb
272 3277 444 3363 Capitolio,

139 3367 202 3433 Sed
224 3389 305 3452 quae
328 3365 429 3431 Tibur
451 3386 552 3450 aquae
573 3363 680 3429 fertile
702 3364 884 3447 praefluunt
959 3381 992 3429 10

89 3456 136 3522 Et
159 3456 282 3539 spissae
304 3476 472 3519 nemorum
495 3474 603 3518 comae

135 3543 277 3630 Fingenb
299 3542 414 3608 Aeolio
438 3541 577 3607 carmine
600 3540 748 3606 nobilem.
