2370 4028
61 214 186 286 nucu]
377 215 486 270 urana
503 215 524 270 1.

107 357 208 421 Laeta
230 359 315 441 quod
338 358 439 441 pubes
461 357 580 422 hedera
601 359 718 422 virenti

110 444 254 510 Gaudeat
276 445 366 528 pulla
387 446 490 530 magis
515 450 610 529 atque
634 450 754 531 myrt0‚

108 533 225 597 Aridas
247 533 377 598 frondes
399 532 524 598 Hiemis
548 534 650 598 sodali

152 621 287 686 Dedicat
308 620 406 686 Euro.

376 870 535 880 ----.

366 1037 369 1043 ’
398 1067 515 1133 xxvi.

108 1192 211 1257 Musis
234 1193 354 1257 amicus
377 1192 545 1256 tristitiam
569 1197 600 1257 et
623 1197 728 1257 metus

110 1280 246 1344 Tradam
268 1281 428 1364 protervis
451 1281 484 1344 in
507 1303 593 1346 mare
618 1279 778 1346 Creticum

152 1369 285 1434 Portare
307 1369 425 1453 ventis,
449 1369 603 1453 quissub
627 1368 726 1434 Arcto

197 1456 268 1522 Rex
291 1457 414 1542 gelidae
436 1461 598 1522 metuatur
621 1480 708 1542 orae,

109 1605 202 1681 Quod
223 1605 387 1670 Tiridaten
410 1610 541 1689 terreat,
564 1607 657 1672 unice
942 1625 958 1672 5

110 1692 255 1758 Securus.
297 1691 323 1757 Ο
348 1716 428 1778 quae
450 1694 595 1759 fontibus
617 1695 753 1781 integris

155 1781 294 1866 Gaudes,
317 1783 441 1866 apricos
464 1787 555 1848 necte
578 1784 686 1868 flores,

197 1869 311 1953 Necte,
334 1892 405 1934 meo
427 1870 557 1936 Lamiae
579 1893 744 1952 coronam,

109 2019 212 2103 Piplei
236 2019 346 2084 dulcis.
387 2019 444 2084 Nil
467 2021 535 2084 sine
557 2024 590 2084 te
612 2021 676 2084 mei

108 2107 248 2172 Prosunt
269 2107 420 2172 honores:
443 2108 528 2172 hunc
549 2108 667 2172 fidibus
690 2109 796 2192 novis,
924 2127 957 2176 10

153 2195 248 2260 Hunc
270 2195 386 2260 Lesbio
409 2217 533 2260 sacrare
555 2197 676 2280 plectro

197 2283 304 2368 Teque
327 2287 462 2369 tuasque
485 2285 575 2348 decet
598 2305 730 2348 sorores.

374 2535 533 2544 ———

391 2722 525 2787 XXVII.

107 2844 201 2910 Natis
224 2846 258 2916 in
282 2867 376 2909 usum
399 2846 540 2911 laetitiae
564 2845 694 2930 scyphis

108 2933 255 3018 Pugnare
278 2934 483 2998 Thracumst:
506 2935 611 2999 tollite
634 2934 806 2998 barbarum

151 3021 288 3105 Morem,
311 3023 587 3106 verecundumque
610 3021 772 3086 Bacchum

198 3109 388 3195 Sanguineis
410 3111 577 3195 prohibete
600 3111 688 3175 rixis.

106 3258 192 3324 Vino
216 3264 248 3325 et
269 3261 408 3325 lucernis
431 3260 543 3325 Medus
568 3260 709 3325 acinaces

106 3346 250 3413 Immane
274 3353 429 3433 quantum
454 3350 623 3433 discrepat:
646 3348 771 3434 inpium

151 3436 263 3501 Lenite
287 3437 471 3521 clamorem,
495 3437 632 3520 sodales,

195 3525 241 3590 Et
264 3526 372 3590 cubito
391 3530 552 3590 remanete
575 3548 693 3610 presso.
