2370 4028
148 256 212 321 190
536 253 760 310 SATVRARVM
1071 253 1101 326 [u

147 398 370 483 Quaecumque
394 397 518 482 excepit
540 398 700 483 turgentis
721 397 856 462 verbera
879 397 999 462 caudae

93 504 128 554 50
147 486 301 552 Olunibus
324 490 381 551 aut
403 485 537 570 agItavit
560 508 676 570 equum
698 485 818 550 lasciva
840 485 1007 571 supinum,

145 575 292 640 Dimittit
312 595 415 658 neque
437 573 596 638 famosum
617 595 720 658 neque
743 573 933 658 sollicitum,
955 596 995 638 ne

145 663 254 728 Ditior
276 666 332 727 aut
353 661 474 727 formae
496 661 637 727 melioris
659 661 758 726 meiat
779 661 900 726 eodem.

146 751 195 816 Tu
218 773 291 816 cum
312 749 464 835 proiectis
487 749 681 834 insignibus,
704 749 798 814 anulo
822 749 966 834 equestri

145 839 353 923 Romanoque
374 837 489 901 habitu
511 837 620 922 prodis
644 859 683 902 ex
704 837 809 903 iudice
830 837 937 902 Dama

92 944 127 994 oo
145 927 262 1011 Turpis
285 926 452 991 odoratum
475 929 570 1009 caput
556 925 781 991 tobscurante
804 924 946 1010 lacerna,

144 1014 220 1080 Non
243 1036 277 1079 es
300 1013 386 1099 quod
408 1013 561 1077 simulas?
601 1012 747 1079 Metuens
770 1013 932 1079 induceris
956 1017 1045 1098 etque

144 1102 203 1168 Alt
189 1106 329 1167 ttercane
297 1101 540 1166 tlibidinibus
561 1102 673 1167 tremis
695 1124 768 1166 0000
789 1123 917 1186 pavore

146 1190 230 1268 Quid
252 1190 361 1274 refert,
384 1190 435 1254 uri
456 1189 557 1274 virgis
579 1189 727 1274 ferroque
749 1189 857 1254 necari

144 1278 300 1343 Auctorat
286 1282 339 1343 tus
363 1299 430 1362 eas,
452 1299 492 1342 an
515 1278 602 1362 turpi
625 1277 781 1343 0100000
772 1300 807 1342 1n
830 1299 917 1362 arca,

93 1385 127 1435 60
146 1365 215 1443 Quo
238 1370 271 1431 te
295 1365 423 1430 demisit
444 1366 565 1451 peccati
589 1366 715 1431 conscia
737 1365 838 1450 erilis,

146 1453 351 1520 contractum
374 1454 508 1539 genibus
530 1458 644 1540 tangas
667 1453 783 1539 caput?
822 1453 927 1518 Estne
949 1454 1055 1519 marito

144 1541 309 1607 Matronae
331 1542 492 1627 peccantis
514 1542 548 1606 in
571 1542 664 1607 ambo
687 1542 773 1606 iusta
794 1542 960 1626 potestas?

143 1629 183 1696 In
206 1633 423 1714 corruptorem
445 1629 497 1694 vel
519 1630 641 1695 iustior.
681 1628 743 1694 1110
764 1634 873 1695 tamen
895 1651 930 1694 00

143 1717 218 1785 Non
240 1718 353 1783 habitu
375 1721 518 1782 mutatve
540 1718 610 1784 loco
633 1722 781 1803 peccatve
804 1720 967 1803 †superne.

93 1825 125 1874 oc
146 1806 226 1872 Cum
249 1811 281 1871 te
302 1806 454 1872 formidat
476 1805 592 1871 mulier
613 1828 716 1891 neque
739 1805 840 1871 credit
863 1805 996 1890 amanti,

144 1893 211 1959 Ibis
234 1895 293 1960 sub
315 1894 437 1958 furcam
460 1894 612 1978 prudens,
635 1894 827 1979 dominoque
848 1893 970 1959 furenti

131 1982 321 2048 'Conmittes
339 2004 407 2047 rem
426 2003 553 2047 omnem
572 1986 604 2046 et
621 1982 721 2047 vitam
740 1986 859 2047 etcum
874 1981 1101 2067 corporefaman

142 2070 271 2137 Evasti:
294 2071 401 2154 eredo,
422 2074 545 2135 metues
569 2070 743 2155 doctusque
766 2070 906 2156 cavebis3

144 2158 296 2243 Quaeres,
319 2157 445 2243 quando
468 2159 585 2223 iterum
607 2181 723 2243 paveas
745 2157 926 2243 iterumque
948 2157 1047 2243 perire

92 2266 124 2314 00
143 2247 266 2330 Possis,
289 2267 307 2310 o
330 2247 390 2311 tot
381 2267 448 2310 1ens
472 2247 596 2311 servus!
637 2245 724 2323 Quae
745 2246 840 2311 belua
862 2246 982 2331 ruptis,

144 2333 224 2399 Oum
247 2333 344 2398 semel
367 2334 492 2418 effugit,
465 2334 619 2399 treddit
605 2338 675 2399 100
697 2356 795 2419 prava
818 2338 869 2400 001
855 2334 961 2399 tenis?

143 2421 229 2489 Non
247 2443 318 2485 sum
336 2422 499 2487 moechus'
519 2422 573 2487 ais.
609 2421 722 2507 Neque
741 2443 814 2508 ego,
836 2421 980 2507 hercule,
1001 2421 1061 2504 fur,
1078 2416 1101 2481 ul

880 2531 959 2575 vasa

142 2597 237 2662 Praet
223 2602 310 2663 tereo
334 2598 460 2682 sapiens
484 2601 641 2683 argentea
682 2587 773 2662 Tolle
795 2597 1008 2682 periclum:

142 2684 211 2750 Iam
232 2706 315 2770 vaga
336 2686 482 2770 prosiliet
503 2686 603 2751 100010
625 2689 741 2750 001000
761 2686 902 2751 remotis.

91 2773 231 2841 051000
253 2774 334 2838 mihi
357 2774 517 2857 dominus,
539 2796 646 2839 rerum
669 2774 811 2859 imperiis
832 2773 1060 2858 hominumque

141 2861 240 2927 Tott
226 2865 282 2926 100
283 2863 388 2947 tisque
410 2863 529 2947 minor,
552 2884 647 2964 quem
670 2866 719 2927 ter
670 2862 883 2927 tvindicta
906 2866 1075 2947 quaterque

141 2947 285 3034 Inposita
252 2950 393 3015 thaud
414 2972 567 3052 umquam
589 2951 707 3015 misera
727 2949 898 3016 formidine
922 2949 1047 3034 privet?

141 3036 232 3102 Adde
255 3060 363 3123 super,
386 3038 480 3103 (11011ιο
504 3038 589 3139 quod
611 3060 676 3104 000
698 3039 800 3103 100100
822 3038 941 3103 valeat:
965 3060 1051 3123 nam,

142 3123 268 3190 Sive
238 3127 376 3190 00000100
399 3130 461 3211 001,
484 3126 539 3211 qui
562 3149 653 3192 servo
676 3131 780 3211 paret,
753 3126 851 3191 0111
874 3148 946 3191 mos

86 3231 122 3282 80
140 3212 221 3279 Vest
207 3217 256 3278 ter
274 3214 332 3298 ait,
355 3236 411 3280 seu
430 3219 650 3299 conservus,t
636 3215 697 3279 tibi
716 3214 793 3300 quid
811 3236 882 3317 sum
902 3214 988 3300 ego?
1022 3212 1101 3295 Nem]

139 3301 203 3385 Tu,
225 3300 305 3365 mihi
328 3302 383 3386 qui
405 3303 535 3388 imperit
537 3324 584 3387 00,
608 3303 678 3367 aliis
703 3303 803 3368 000010
825 3302 925 3368 miser
949 3307 1046 3389 atque

138 3389 273 3454 Duceris
295 3394 333 3454 ut
354 3392 461 3456 nervis
484 3390 596 3455 alienis
619 3390 738 3456 mobile
759 3391 893 3475 lignum.

139 3477 292 3555 Quisnam
316 3477 416 3562 igitur
437 3479 541 3543 liber?
583 3477 730 3564 Sapiens,
753 3478 814 3543 sibi
838 3480 894 3564 qui
917 3479 1101 3565 imperiosa

139 3565 240 3645 Quem
254 3587 357 3650 neque
371 3568 537 3651 pauperies
551 3589 654 3652 neque
663 3590 750 3633 mors
759 3589 863 3652 neque
873 3568 1007 3634 vincula
1015 3573 1101 3636 terrei
