2370 4028
106 221 169 284 178
496 220 721 275 samaram
1026 218 1062 291 [n

106 362 211 440 Quid?
235 385 307 428 cum
329 363 426 427 balba
447 363 524 427 feris
548 385 668 428 annoso
690 364 790 428 verba
809 362 930 448 palato,

33 468 87 519 2⁷5
105 450 304 516 Aedificante
327 474 416 516 casas
439 451 495 536 qui
517 451 645 516 sanior?
685 450 778 516 Adde
800 473 944 516 cruorem

106 538 284 624 Stultitiae,
316 544 411 624 atque
443 540 551 624 ignem
583 539 689 625 gladio
722 543 872 604 scrutare.
921 535 1061 621 Modo,in

867 648 955 711 uam,

104 715 239 780 Hellade
261 738 412 800 percussa
433 715 555 780 Marius
579 737 651 781 cum
673 649 868 799 praecipiad
887 737 935 800 se,

107 803 249 869 Gerritus
271 802 356 868 fuit?
380 826 420 868 an
444 807 621 869 commotae
644 804 776 867 crimine
798 803 917 868 mentis

105 891 263 957 Absolves
285 891 461 976 hominem,
484 895 517 956 et
539 891 668 957 sceleris
691 891 858 956 damnabis
881 889 1017 974 eundem,

35 997 88 1047 280
106 980 158 1045 Ex
179 1002 268 1045 more
290 981 447 1064 inponens
470 983 606 1064 cognata
627 966 789 1044 vocabula·
803 978 922 1043 rebus?

105 1069 290 1133 Libertinus
314 1072 395 1152 erat,
418 1069 474 1153 qui
496 1069 615 1132 circum
639 1067 779 1151 compita
800 1068 907 1132 siccus

105 1157 217 1221 Lautis
240 1178 333 1221 mane
356 1179 454 1220 senex
474 1156 623 1220 manibus
646 1155 794 1221 currebat
816 1159 850 1220 et
872 1155 994 1238 ‘unum,

106 1242 218 1332 (uuio
248 1248 314 1308 tam
344 1244 537 1328 magnum?'
568 1241 735 1331 †addens),
766 1244 878 1308 ‘unum
908 1265 959 1307 me
986 1238 1078 1324 surpit'

844 1331 957 1395 mortil

106 1420 166 1485 Dis
190 1420 308 1484 etenim
329 1419 467 1484 facilest'
490 1419 614 1504 orabat,
637 1440 733 1484 sanus
756 1419 903 1504 utrisque

35 1525 88 1575 285
106 1507 250 1573 Auribus
273 1512 368 1592 atque
392 1507 505 1592 oculis3
528 1511 681 1591 mentem,
702 1507 767 1572 nisi
787 1506 967 1593 litigiosus,

106 1596 278 1679 Exciperet
296 1596 457 1680 dominus,
476 1618 549 1660 cum
566 1596 725 1660 venderet.
758 1594 831 1660 Hoc
850 1617 979 1681 quoque
994 1591 1086 1677 volgo·

108 1684 306 1768 Chrysippus
328 1685 420 1768 ponit
441 1684 578 1749 fecunda
599 1684 634 1748 in
656 1687 751 1769 gente
772 1682 911 1749 Meneni.

108 1771 278 1857 luppiter,
301 1774 447 1858 ingentes
470 1773 526 1857 qui
549 1773 605 1836 das
629 1771 806 1856 adimisque
829 1771 981 1850 dolores,'
1112 1804 1115 1863 3

107 1859 212 1925 Mater
234 1861 280 1925 ait
301 1861 393 1945 pueri
414 1882 539 1925 menses
561 1860 626 1924 iam
649 1860 790 1944 quinque
813 1859 976 1945 cubantis,
1113 1868 1115 1893 ²

38 1966 90 2015 290
109 1949 251 2035 ‘Frigida
273 1949 301 2013 si
323 1971 457 2033 puerum
481 1952 636 2033 quartana
657 1947 837 2032 reliquerit,
859 1947 917 2012 illo

107 2036 201 2102 Mane
225 2037 289 2122 die,
312 2059 375 2121 quo
398 2041 434 2101 tu
457 2037 571 2101 indicis
594 2037 724 2120 ieiunia,
746 2034 852 2099 nudus

107 2124 146 2190 ln
168 2126 277 2191 Tiberi
300 2125 419 2189 stabit?
460 2124 559 2189 Casus
582 2124 762 2189 medicusve
783 2123 900 2188 levarit

107 2213 251 2299 Aegrum
274 2237 314 2278 ex
336 2214 515 2297 praecipiti:
537 2216 640 2277 mater
662 2212 762 2278 delira
782 2211 912 2276 necabit

107 2300 146 2366 In
169 2301 275 2386 gelida
295 2302 396 2365 fixum
418 2301 489 2384 ripa
509 2301 688 2384 febrimque
710 2301 847 2365 reducet.
1113 2288 1115 2381 ἰ

38 2406 90 2455 aas
109 2389 220 2466 Quone
242 2388 327 2453 malo
350 2393 489 2453 mentem
512 2388 686 2454 concussa?
726 2387 854 2453 Timore
877 2384 1026 2452 deorum?
1112 2388 1115 2451 1

107 2477 195 2542 Haec
217 2477 298 2541 mihi
321 2475 506 2562 Stertinius,
529 2477 708 2562 sapientum
731 2480 876 2560 octavus,
900 2475 1000 2540 amico
1112 2518 1115 2575 4

107 2564 208 2629 Arma
231 2566 330 2650 dedit,
352 2565 486 2650 posthac
508 2588 547 2630 ne
570 2565 766 2650 conpellarer
788 2563 922 2629 inultus.
1112 2578 1115 2645 j

106 2653 234 2718 Dixerit
256 2655 404 2718 insanum
427 2654 483 2737 qui
505 2676 569 2737 me,
592 2653 725 2718 totidem
749 2651 858 2716 audiet
880 2655 977 2736 atque
1113 2718 1115 2727 ,

107 2741 277 2825 Respicere
299 2743 410 2827 ignoto
435 2743 535 2806 discet
557 2741 729 2825 pendentia
750 2740 863 2825 tergo?

38 2846 90 2895 300
109 2827 241 2914 ‘Stoica
263 2834 338 2914 post
360 2830 512 2895 damnum
535 2829 580 2894 sio
602 2830 720 2894 vendas
743 2827 851 2894 omnia
872 2826 987 2911 pluris,

108 2916 178 2994 Qua
199 2940 251 2982 me
273 2918 425 3002 stultitia,
448 2918 598 3003 quoniam
621 2939 686 2982 non
709 2920 758 2982 est
781 2937 881 3002 genus
904 2935 1015 2997 unum,

107 3004 251 3071 Insanirc
273 3006 389 3091 putas?
413 3027 472 3092 ego
495 3028 569 3070 nam
591 3006 702 3070 videor
723 3004 805 3068 mihi
828 3004 946 3068 sanus?

108 3093 216 3179 ‘Quia
240 3098 335 3178 caput
358 3095 534 3159 abscissum
556 3094 703 3158 manibus
727 3115 799 3158 eum
821 3095 932 3176 portat
952 3088 1052 3175 Agaue

109 3181 205 3247 Gnati
228 3181 379 3265 infelicis,
401 3182 464 3247 sibi
486 3185 556 3246 tum
578 3182 701 3246 furiosa
722 3179 888 3246 videtur?'

36 3286 89 3336 306
107 3268 265 3335 ‘Stultum
288 3292 339 3334 me
361 3270 464 3335 fateor
487 3268 597 3357 (liceat
619 3269 788 3335 concedere
811 3265 910 3354 veris)

107 3356 216 3442 Atque
239 3358 336 3422 etiarn
359 3359 520 3443 insanum3
542 3362 668 3422 tantum
690 3357 752 3422 hoc
775 3357 927 3441 edissere,
949 3374 1011 3441 quo
1031 3366 1069 3416 mo

107 3448 285 3531 Aegrotare
307 3450 401 3530 putes
425 3447 523 3511 animi
545 3447 646 3512 vitio?
687 3444 831 3529 ‘Accipez
846 3444 994 3529 primum

106 3532 280 3620 Aedificas,
302 3534 364 3599 hoc
387 3538 436 3600 est
457 3535 571 3620 longos
595 3535 745 3619 imitaris,
768 3533 808 3598 ab
831 3534 897 3598 imo
