2370 4028
348 183 456 291 LlBER
472 237 493 292 Ι,
861 236 923 301 163

73 383 86 442 t
109 379 172 443 sibi
193 378 309 462 multa,
331 378 486 444 recideret
509 401 616 463 omne,
639 380 724 463 quod
746 379 832 444 ultra

73 489 101 530 m
124 466 318 551 traheretur,
341 468 430 532 etin
452 489 547 532 versu
568 467 712 532 faciendo
944 482 977 533 70

73 560 141 638 tput
163 554 319 638 scaberet,
341 556 432 619 vivos
456 559 488 619 et
510 555 636 620 roderet
657 576 789 639 ungues.

73 643 156 706 ilum
178 646 297 726 vertas,
320 643 436 707 iterum
460 665 540 727 quae
564 643 660 727 digna
681 643 747 728 legi
769 644 834 706 sint

73 752 120 815 us,
142 752 245 813 neque
267 734 300 795 te
323 735 360 794 ut
381 731 516 795 miretur
538 731 633 795 turba
655 730 793 815 labores,

73 841 99 882 rs
121 819 232 902 paucis
254 817 437 883 lectoribus.
476 816 530 881 An
552 822 608 882 tua
631 818 759 882 demens

73 907 107 970 in
129 905 215 969 ludis
238 906 352 970 dictari
375 906 515 970 carmina
536 906 651 970 malis?
945 922 977 971 75

73 1016 100 1057 c:
132 1016 207 1057 nam
239 994 318 1057 satis
345 998 395 1058 est
422 994 561 1078 equitem
588 994 668 1057 mibi
695 993 857 1144 gilaudere,
888 996 926 1056 ut

661 1102 701 1145 au
724 1103 764 1145 ax

73 1169 123 1232 ais
146 1169 231 1252 aliis,
254 1168 385 1253 explosa
406 1167 587 1234 Arbuscula
610 1169 699 1233 dixit.
769 1131 778 1164 l

74 1260 148 1321 veat
170 1258 272 1321 cimex
293 1256 466 1340 Pantilius,
489 1260 545 1320 aut
568 1258 687 1321 cruciet
709 1256 794 1341 quod

84 1345 247 1409 absentem
269 1344 452 1409 Demetrius
475 1349 531 1408 aut
554 1344 639 1428 quod
661 1344 789 1428 ineptus

86 1432 299 1517 Hermogenis
321 1432 427 1497 laedat
450 1432 582 1496 conviva
603 1431 742 1517 Tigelli?
784 1444 787 1449 “
944 1449 978 1497 80
1074 1513 1076 1518 .

72 1525 105 1585 et
126 1519 258 1604 Varius,
279 1519 445 1584 Maecenas
467 1518 708 1604 Vergiliusque,

83 1612 116 1673 et
137 1609 252 1692 probet
274 1606 352 1673 baec
375 1607 527 1672 Octavius
550 1608 691 1691 optimus
714 1610 810 1690 atque

73 1701 101 1761 et
122 1695 201 1761 haee
223 1696 347 1760 utinam
369 1694 540 1760 Viscorum
561 1694 671 1759 laudet
692 1696 839 1779 uterque!

73 1807 110 1848 ne
133 1783 274 1869 relegata
295 1788 327 1848 te
351 1784 454 1848 dicere
476 1805 622 1869 possum,

73 1894 109 1956 ;e,
131 1871 295 1953 Messalla,
317 1875 374 1935 tuo
397 1893 469 1936 eum
491 1871 604 1956 fratre,
627 1870 786 1954 simulque
945 1887 979 1936 85

73 1960 142 2024 bule
165 1963 198 2024 et
221 1958 324 2042 Servi,
347 1959 444 2023 simul
464 1958 516 2022 his
538 1963 585 2043 te,
608 1959 739 2023 candide
760 1957 874 2041 Fumi,

73 2070 100 2113 es
124 2047 217 2131 alios,
239 2047 350 2111 doctos
373 2069 432 2132 ego
456 2068 536 2131 quos
560 2051 592 2111 et
615 2047 733 2110 amicos

89 2139 266 2220 praetereo,
289 2135 405 2219 quibus
427 2134 518 2218 haec,
541 2136 607 2198 sint
630 2133 885 2218 qualiacumque,

73 2247 79 2287 ε
101 2224 211 2306 velim,
235 2222 405 2306 doliturus,
428 2223 456 2286 si
478 2222 624 2306 placeant
647 2244 703 2306 spe

95 2316 213 2377 nostra.
253 2310 411 2393 Demetri,
433 2314 542 2394 teque,
563 2309 695 2395 Tigelli,
946 2325 979 2374 90

73 2421 162 2463 arum
185 2400 270 2463 inter
291 2398 386 2463 iubeo
408 2397 534 2481 plorare
557 2396 731 2461 cathedras.

91 2491 186 2571 atque
208 2508 280 2551 meo
304 2486 386 2551 citus
408 2484 487 2550 haec
509 2485 673 2550 subscribe
695 2483 813 2549 libello.
