2370 4028
86 217 152 281 122
518 212 666 268 menon
956 215 1044 290 [vr-r

242 357 353 435 Qualis
373 355 554 439 Lycambae
577 361 705 439 spretus
727 358 835 424 infido
862 381 969 446 gener

284 445 352 509 Aut
373 466 445 509 aeer
466 443 572 508 hostis
593 445 728 528 Bupalo.

90 553 123 600 15
243 532 309 617 An,
332 534 434 617 siquis
456 537 528 597 atro
551 532 645 597 dente
667 555 720 597 me
741 535 924 622 petiverit,

149 619 152 626 ’
285 620 412 686 Inultus
434 625 472 684 nt
493 621 578 685 flebo
600 621 700 703 puer?

512 824 671 834 ———.

558 979 630 1044 VII

200 1106 285 1190 Quo,
308 1126 371 1190 quo
395 1104 521 1170 scelesti
543 1103 659 1168 ruitis?
682 1108 738 1168 aut
760 1125 821 1170 eur
845 1107 994 1176 dexteris

242 1193 406 1278 Aptantur
428 1215 520 1258 enses
542 1192 685 1258 conditi?

199 1282 357 1346 Parumne
380 1282 500 1366 eampis
523 1287 619 1365 atque
640 1280 795 1364 Neptuno
820 1303 927 1369 super

243 1369 396 1434 Fusumst
417 1369 526 1434 Latini
548 1367 734 1454 sanguinis?

200 1458 276 1524 Non
298 1462 335 1523 ut
357 1458 510 1542 superbas
533 1457 659 1522 invidae
682 1455 896 1543 Carthaginis

244 1546 408 1610 Romanus
431 1568 518 1610 arces
540 1549 662 1629 ureret,

200 1633 344 1698 Intentus
367 1638 424 1698 aut
445 1634 619 1698 Britannus
642 1637 679 1698 ut
701 1632 915 1704 desponderet

248 1720 344 1787 Sacra
367 1726 531 1786 catenatus
551 1722 618 1806 via,

203 1809 265 1875 Sed
287 1814 325 1874 ut
347 1811 520 1874 seeundum
542 1813 618 1875 vota
639 1808 834 1875 Parthorum
858 1835 924 1878 sua

244 1896 331 1962 Vrbs
352 1897 431 1962 haee
452 1899 570 1983 periret
592 1898 730 1962 dextera.

199 1986 312 2070 Neque
334 1986 388 2050 hie
409 1985 495 2070 lupis
517 2007 588 2050 mos
610 2007 668 2050 nee
690 1986 754 2050 fuit
774 1984 948 2076 leonibus,

242 2073 428 2158 Numquam
450 2074 513 2139 nisi
536 2076 570 2138 in
593 2074 809 2158 disperseris.

201 2162 344 2227 Furorne
367 2184 477 2228 caecos
500 2184 540 2226 an
562 2163 647 2246 rapit
668 2162 717 2226 ris
741 2162 846 2228 aerior

245 2249 298 2314 An
321 2250 435 2334 eulpa?
475 2250 677 2334 Responsum
700 2250 785 2315 date!

201 2338 334 2422 Tacent,
357 2343 389 2403 et
411 2338 503 2403 albus
526 2359 583 2403 ora
603 2338 707 2422 pallor
728 2338 845 2423 inficit,

245 2425 432 2511 Montesque
454 2425 617 2511 perculsae
641 2429 779 2510 stupent.

202 2513 255 2580 Sic
277 2519 339 2580 est:
362 2515 476 2579 aeerba
497 2515 564 2579 fata
585 2514 748 2579 Romanos
772 2519 877 2600 agunt

246 2602 418 2687 Scelusque
441 2603 599 2668 fraternae
622 2603 722 2686 neeis,

201 2691 247 2756 Vt
268 2691 455 2756 inmerentis
477 2692 572 2755 fiuxit
594 2690 628 2754 in
650 2694 768 2755 terram
790 2688 892 2756 Remi

246 2779 342 2845 Sacer
362 2779 533 2863 nepotibus
558 2800 659 2843 eruor.

551 3137 639 3202 VIII.

248 3264 375 3348 Rogare
398 3262 496 3347 longo
520 3262 665 3345 putidam
687 3266 719 3326 te
742 3262 886 3350 saeculo,

293 3351 387 3415 Vires
412 3351 490 3434 qnid
513 3353 642 3414 enervet
664 3370 763 3433 meas,

251 3438 331 3505 Cum
354 3440 398 3504 sit
420 3439 480 3503 tibi
504 3438 580 3502 dens
605 3442 673 3501 ater
696 3441 728 3501 et
749 3437 841 3522 rugis
865 3446 967 3510 vetus

292 3527 445 3592 Frontem
469 3530 615 3591 senectus
640 3528 761 3608 exaret,
