2370 4028
493 187 690 243 cantum

198 331 233 397 Si
255 354 320 396 non
342 329 504 396 Acrisium
527 331 663 416 virginis
686 331 829 399 abditae

198 420 369 485 Custodem
391 419 544 503 pavidum
566 417 714 504 luppiter
737 424 772 485 et
798 420 920 488 Venus

241 508 391 573 Risisset:
414 507 483 572 fore
506 507 591 572 enim
613 511 723 572 tutum
746 508 819 574 iter
842 514 879 576 et
899 515 1003 596 patens

286 595 445 660 Converso
468 596 503 659 in
525 595 664 680 pretium
687 595 758 661 deo.

197 753 322 818 Aurum
345 777 403 838 per
424 753 546 819 medios
569 754 616 818 ire
638 753 799 819 satellites

197 842 243 906 llt
264 864 468 927 perrumpere
492 846 578 906 amat
601 864 691 926 sara,
712 844 890 926 potentius

242 929 313 995 Ictu
335 931 504 994 fulmineo:
527 930 665 994 concidit
687 931 825 1015 auguris

286 1018 401 1103 Argivi
424 1019 551 1103 domuS,
574 1019 615 1083 ob
637 1018 764 1083 lucrum
885 1090 888 1095 Δ

198 1168 352 1232 Demersa
374 1167 486 1252 exiti03
510 1167 628 1232 diffidit
650 1167 781 1232 urbium

199 1255 313 1321 Portas
336 1257 386 1320 vir
407 1255 539 1320 Macedo
563 1260 595 1320 et
617 1255 745 1320 subruit
768 1256 917 1323 aemulos

243 1344 348 1429 Reges
370 1344 570 1429 muneribus3
592 1365 725 1408 munera
745 1345 882 1410 navium

288 1431 406 1498 Saevos
429 1432 615 1516 inlaqueant
637 1431 740 1497 duces.

200 1580 401 1645 Crescentem
424 1581 570 1664 sequitur
592 1602 668 1646 cura
688 1580 862 1664 pecuniam

200 1668 422 1753 Maiorumque
444 1669 553 1734 fames.
593 1667 667 1733 Iure
688 1669 862 1752 perhorrui

243 1756 323 1821 Late
346 1758 554 1841 conspicuum
577 1757 690 1822 tollere
711 1757 881 1844 verticem,

288 1845 467 1929 Maecenas,
489 1845 635 1929 equitum
657 1846 761 1910 decus.

201 1993 327 2072 Quanto
351 1995 486 2078 quisque
508 1994 571 2059 sibi
593 1994 687 2079 plura
708 1995 889 2081 negaverit,

199 2081 252 2147 Ab
275 2084 324 2147 dis
346 2083 440 2166 plura
461 2083 555 2147 feret:
578 2083 625 2147 nil
647 2083 846 2167 cupientium

244 2171 360 2236 Nudus
383 2176 487 2235 castra
508 2176 583 2255 peto
607 2175 639 2235 et
661 2171 829 2256 transfuga
853 2172 984 2237 divitum

288 2258 400 2323 Partes
423 2259 568 2343 linquere
592 2260 710 2344 gestia,

203 2405 411 2492 Contemptus
434 2408 582 2472 dominus
605 2407 801 2492 splendidior
822 2410 885 2495 rei,

202 2494 304 2572 Quam
327 2497 368 2580 si,
391 2496 548 2581 quidquid
571 2500 640 2560 arat
662 2497 789 2582 inpiger
810 2495 952 2583 Apulus,

246 2582 412 2649 Occultare
435 2585 516 2649 meis
539 2585 660 2649 dicerer
682 2585 819 2672 horreis,

288 2672 422 2758 Magnas
445 2673 529 2737 inter
552 2694 629 2758 opes
651 2673 753 2758 inops.

201 2822 303 2888 Purae
326 2822 414 2887 rivus
438 2843 538 2906 aquae
561 2823 705 2907 silvaque
726 2823 876 2908 iugerum

200 2910 380 2976 Paucorum
404 2914 436 2974 et
459 2911 576 2994 segetis
600 2917 687 2977 certa
708 2912 787 2976 fides
809 2933 901 2979 meae

244 2997 436 3083 Fulgentem
458 2998 592 3081 imperio
615 3000 733 3065 fertilis
755 2998 884 3066 Africae

288 3086 387 3151 Fallit
409 3088 495 3150 sorte
517 3086 649 3152 beatior.

202 3235 402 3320 Quamquam
424 3258 483 3302 nec
506 3236 659 3301 Calabrae
681 3237 777 3302 mella
799 3238 910 3304 ferunt
932 3259 1013 3324 apes,

200 3324 270 3390 Nec
291 3325 524 3410 Laestrygonia
545 3324 691 3390 Bacchus
714 3325 748 3389 in
771 3325 928 3410 amphora

245 3413 440 3497 Languescit
461 3413 555 3498 mihi,
578 3435 637 3478 nec
659 3413 794 3498 pinguia
816 3413 950 3480 Gallicis

291 3499 446 3566 Crescunt
467 3503 587 3567 vellera
607 3502 747 3585 pascuis:
