2386 4020
254 246 363 302 LIBER
377 247 398 302 Ι.

13 396 50 457 ,et
71 390 212 456 urbanus
235 391 401 475 tenditque
425 389 563 454 disertus
586 388 704 454 haberi.

13 479 146 564 templar
167 479 255 544 vitiis
278 477 447 543 imitabile:
471 477 586 563 quodsi

12 589 101 652 casu,
122 567 269 633 biberent
290 587 451 651 exsangue
473 564 645 630 cuminum.

12 679 77 741 res,
98 677 227 721 servum
248 675 360 739 poous,
381 657 419 719 ut
440 652 522 718 mihi
543 674 638 737 saepe

12 767 66 829 spo
89 744 194 809 iooum
216 743 316 808 vestri
337 764 465 808 movere
487 742 659 807 tumultus!

11 855 28 898 r
49 853 186 898 saeuum
207 831 303 916 posui
324 830 406 896 vesti
432 830 461 893 'a
481 829 644 914 princeps,

12 943 36 986 ‚a
56 941 128 985 meo
150 919 254 1004 pressi
275 919 363 1003 pede.
405 851 468 995 {hi
490 918 554 983 sibi
574 917 660 1001 fidit,

12 1029 178 1074 wxameu
217 1006 330 1072 Parios
352 1026 412 1091 ego
435 1006 559 1091 primus
580 1006 704 1071 iambos

11 1097 97 1181 ustio,
119 1117 268 1161 numeros
290 1094 476 1180 animosque
499 1097 628 1160 secutus

11 1186 32 1270 i,
54 1205 193 1249 nonnos
216 1188 249 1249 et
271 1182 399 1269 agentis
418 1182 518 1247 verba
538 1181 729 1267 Lycamben

11 1297 19 1338 e
42 1273 130 1338 foliis
152 1272 223 1337 ideo
246 1271 448 1337 brevioribus
470 1292 577 1356 ornes,

11 1362 45 1426 ui
66 1364 192 1425 mutare
214 1359 326 1425 modos
349 1363 382 1424 et
403 1359 554 1424 carminis
576 1363 691 1425 artem:

25 1447 212 1514 Archilochi
233 1449 376 1513 †musam
397 1447 477 1532 pedo
498 1448 641 1512 massula
663 1446 806 1531 Sappho,

26 1536 178 1621 Alcaeus,
199 1536 256 1601 sed
278 1535 373 1602 rebus
396 1540 429 1600 et
451 1535 561 1600 ordine
584 1535 705 1620 dispar,

10 1648 71 1690 um
93 1624 231 1709 quaerit,
254 1646 349 1708 quem
370 1624 516 1689 versibus
538 1622 662 1689 oblinat
683 1623 776 1707 atris,

10 1736 61 1779 sae
82 1713 233 1798 laqueum
255 1713 378 1777 famoso
401 1711 540 1777 carmine
561 1713 670 1777 nectit.

10 1823 124 1955 anri
137 1799 687 1954 mutuor

10 1939 174 2062 ooulisdue
196 1977 263 2061 legi
283 1976 494 2062 manibusque
517 1977 626 2041 teneri.

10 2090 40 2152 s,
61 2087 133 2130 mea
154 2087 211 2130 our
233 2067 378 2150 ingratus
402 2064 554 2149 opuscula
574 2064 676 2130 leotor

9 2159 127 2240 netquo
150 2153 250 2237 domi,
272 2158 397 2238 premat
418 2157 509 2218 extra
529 2153 628 2218 limen
651 2153 789 2236 iniquus.

15 2247 166 2309 ventosae
188 2242 291 2326 plebis
314 2241 467 2327 suffragia
488 2263 587 2307 venor

9 2352 155 2396 senarum
177 2331 327 2395 obtritae
349 2351 481 2395 munere
502 2330 614 2415 vestis3

28 2418 186 2484 nobilium
208 2419 400 2502 scriptorum
424 2417 551 2482 auditor
572 2423 605 2483 εὴ
626 2418 726 2503 ultor,

9 2511 67 2573 bas
90 2507 210 2572 ambire
232 2507 336 2572 tribus
360 2511 392 2571 et
412 2505 539 2591 pulpita
560 2505 687 2591 dignor:

9 2619 16 2661 s
37 2596 195 2660 lacrimae.
237 2593 368 2679 ‘Spissis
392 2594 523 2679 indigua
544 2593 679 2658 theatris

8 2685 84 2748 udet
106 2684 238 2749 recitare
261 2687 293 2748 εὴ
315 2682 411 2768 nugis
434 2683 547 2747 addere
568 2681 706 2767 pondus'

10 2772 107 2837 rides'
130 2772 188 2856 sit,
211 2771 256 2836 ‘et
277 2768 364 2836 Iovis
387 2770 518 2836 auribus
541 2771 603 2835 ista

11 2860 60 2925 dis
82 2860 168 2925 enim
190 2881 319 2924 manare
341 2858 467 2943 poetioa
487 2858 584 2924 mella

8 2946 709 3102 urruns}ostreno
856 2963 891 3011 4⁵

26 3087 88 3189 idte
109 3124 212 3189 loous'
235 3124 336 3188 clamo
359 3128 392 3188 et
414 3123 534 3187 diludia
555 3055 661 3208 pd‘sldd.

8 3213 69 3278 rim
91 3213 204 3298 genuit
225 3212 385 3297 trepidum
409 3215 568 3276 certamen
590 3215 623 3276 et
645 3212 739 3297 iram,

8 3325 15 3366 l
38 3300 222 3365 inimicitias
245 3305 279 3365 et
299 3300 431 3365 funebre
453 3299 597 3385 bellum]
