2370 4028
344 697 853 801 CARMINVM

439 868 548 923 LIBER
567 868 744 935 QVARTVS.

580 1029 604 1095 Ι.

152 1151 352 1237 Intermissa,
374 1152 498 1237 Venus,
523 1153 576 1217 diu

196 1241 321 1305 Rursus
343 1241 429 1305 bella
450 1241 581 1306 moves?
622 1241 735 1328 Parce,
757 1266 891 1331 precor,
913 1266 993 1331 preco

152 1328 228 1393 Non
251 1352 322 1393 sum
346 1329 450 1413 qualis
474 1352 559 1393 eram
582 1330 684 1395 bonae

198 1416 264 1481 Sub
288 1439 388 1502 regno
412 1416 552 1482 Cinarae.
593 1418 725 1502 Desine,
750 1419 897 1486 dulcium

105 1575 119 1621 5
153 1557 257 1621 Mater
280 1579 373 1621 saera
397 1556 603 1642 Cupidinum,

198 1644 289 1710 Circa
310 1645 413 1708 lustra
437 1646 543 1710 decem
567 1647 694 1712 flectere
716 1647 871 1715 mollibus

153 1731 222 1796 Iam
246 1734 360 1797 durum
383 1734 538 1816 imperiis:
562 1734 627 1819 abi,

69 1838 71 1842 ⁴
198 1821 268 1898 Quo
291 1821 426 1885 blandae
448 1822 599 1886 iuvenum
623 1826 654 1887 te
677 1829 830 1889 revocant
852 1846 967 1908 preces.

153 1961 388 2046 Tempestivius
411 1962 445 2025 in
469 1962 562 2026 domo

88 2067 120 2114 10
197 2050 303 2133 Pauli,
325 2051 495 2134 purpureis
518 2052 583 2116 ales
607 2051 763 2137 oloribus,

153 2137 372 2203 Comissabere
395 2137 542 2224 Maximi,

198 2225 233 2291 Si
255 2230 376 2290 torrere
399 2227 487 2291 iecur
510 2229 636 2311 quaeris
659 2228 819 2294 idoneum.

153 2367 300 2451 Namque
324 2371 356 2431 et
379 2367 496 2432 nobilis
520 2372 552 2432 et
576 2369 688 2433 decens

196 2455 241 2520 Et
263 2477 321 2539 pro
345 2455 492 2520 sollicitis
515 2478 580 2520 non
603 2458 719 2522 tacitus
742 2479 807 2522 rers

83 2544 120 2607 '15
152 2544 197 2607 Et
221 2548 348 2607 centum
371 2566 451 2627 puer
474 2545 591 2608 artium

195 2631 274 2696 Late
297 2632 390 2716 signa
411 2631 493 2697 feret
515 2633 650 2697 militiae
672 2636 760 2718 tuae3

151 2772 196 2837 Et
219 2773 409 2856 quandoque
432 2773 594 2855 potentior

195 2859 292 2945 Largi
315 2860 501 2924 muneribus
525 2862 632 2926 riserit
655 2861 786 2946 aemuh,

150 2948 294 3013 Albanos
317 2970 417 3032 prope
440 2952 472 3012 te
495 2948 582 3013 lacus

85 3053 119 3102 20
195 3036 299 3101 Ponet
321 3058 531 3101 marmoream
555 3039 614 3102 sub
638 3038 728 3103 trabe
752 3039 860 3103 citrea.

151 3175 223 3241 Illic
244 3176 384 3260 plurima
406 3177 537 3241 naribus

195 3264 300 3328 Duces
323 3269 396 3328 tura
417 3265 568 3350 lyraeque
592 3270 624 3330 et
645 3265 855 3349 Berecyntiae

150 3350 357 3417 Delectabere
380 3353 478 3418 tibiae

194 3439 307 3505 Mixtis
331 3441 524 3506 carminibus
548 3463 612 3505 non
636 3441 704 3505 sine
730 3442 850 3527 fistula3
