2370 4028
136 762 748 862 EPISTVLARVM

314 934 422 990 LIBER,
439 935 567 990 ALTER.

429 1093 454 1160 I.

73 1223 93 1284 d
115 1220 273 1284 sustineas
296 1224 328 1285 ei
351 1223 442 1284 tanta
463 1221 594 1305 negotia
616 1221 717 1306 solus,

73 1308 123 1372 ias
147 1307 244 1372 armis
267 1308 398 1392 tuteris,
419 1309 564 1373 moribus
588 1330 694 1392 ornes,
772 1373 774 1379 .

73 1420 78 1460 ι
102 1396 262 1461 emendes:
284 1396 319 1461 in
341 1396 470 1479 publiea
492 1397 659 1461 commoda
679 1418 821 1482 peoeem,

73 1507 94 1549 'o
118 1506 263 1549 sermone
285 1505 392 1549 morer
413 1488 470 1549 iua
492 1488 650 1568 tempora,
674 1482 797 1550 Caesar.

73 1595 96 1637 is
119 1578 152 1637 et
173 1571 270 1636 Liber
292 1575 383 1656 pater
405 1575 438 1636 et
460 1594 533 1636 oum
557 1571 688 1637 Castore
710 1571 841 1656 Pollux,
861 1620 865 1626 -
980 1587 999 1636 a

75 1661 184 1745 geniia
205 1660 290 1724 faeta
312 1659 443 1724 deorum
466 1661 500 1724 in
523 1660 643 1744 templa
664 1662 798 1745 reoepti,
857 1679 859 1682 ’

73 1771 149 1813 erras
170 1747 401 1832 hominumque
424 1748 533 1813 colunt
555 1769 669 1834 genus,
692 1771 805 1833 aspera
826 1747 911 1813 bella

73 1841 144 1920 uni,
168 1857 262 1921 agros
285 1836 468 1920 adsignant,
491 1837 608 1920 oppida
630 1837 785 1921 condunt,

73 1946 108 1989 re
131 1925 197 1989 suis
220 1947 285 1989 non
307 1924 497 2008 respondere
519 1923 661 1989 favorem

73 2035 109 2077 m
132 2013 264 2077 meritis.
304 2011 417 2076 Diram
440 2013 495 2096 qui
518 2012 665 2076 contudit
685 2011 822 2096 hydram

73 2124 89 2165 e
111 2101 203 2164 fatali
224 2104 374 2184 porienia
394 2100 504 2165 labore
526 2100 668 2185 subegit,

73 2190 103 2253 ii
126 2189 279 2253 invidiam
302 2210 449 2273 supremo
471 2188 536 2252 fine
559 2188 689 2253 domari.

73 2279 121 2341 im
144 2277 269 2361 fulgore
292 2298 364 2359 su0,
388 2277 450 2360 qui,
466 2280 668 2360 praegravat,
691 2281 776 2341 artes

73 2388 83 2430 e
106 2365 241 2449 positas:
265 2364 442 2430 exstinctus
465 2364 625 2428 amabitur
647 2363 740 2428 idem.

73 2453 104 2518 ai
127 2453 188 2517 tibi
210 2456 353 2517 maturos
372 2452 532 2537 largimur
552 2451 704 2535 honores,
787 2529 788 2532 Ἴ
872 2458 874 2462 ’

73 2563 156 2625 sque
178 2545 271 2605 tuum
293 2562 351 2625 per
372 2562 491 2605 numen
512 2540 661 2623 ponimus
685 2561 769 2624 aras,

73 2634 176 2693 iurum
199 2628 292 2712 alias,
314 2627 361 2691 nil
384 2631 489 2692 orium
513 2628 576 2693 tale
598 2629 743 2692 fatentes.

73 2740 100 2782 is
122 2717 185 2782 hoo
206 2716 345 2800 populus
368 2716 494 2799 sapiens
517 2720 550 2781 ei
572 2716 676 2781 iustus
699 2716 733 2780 in
754 2736 832 2799 uno,

73 2806 126 2869 iris
150 2804 297 2887 ducibus,
320 2808 352 2868 te
375 2803 468 2869 Grais
492 2804 708 2887 anteferendo,

75 2914 275 2977 nequaquam
299 2891 396 2956 simili
419 2893 543 2958 ratione
564 2892 722 2976 modoque

73 2985 101 3045 ai
122 2985 167 3065 et,
189 2981 254 3044 nisi
277 3002 357 3064 quae
379 2981 474 3045 terris
497 2984 621 3045 semota
641 2980 771 3063 suisque

72 3070 151 3134 ibus
175 3069 325 3133 defuncta
345 3069 446 3151 videi,
468 3068 594 3132 fastidit
616 3071 648 3141 et
670 3067 752 3151 odit,

73 3162 123 3222 ior
145 3160 301 3240 veterum,
324 3161 361 3221 ut
383 3155 509 3220 tabulas
531 3177 660 3240 peceare
682 3158 841 3240 retentae,

72 3247 99 3310 is
123 3245 263 3329 quinque
285 3245 348 3309 viri
370 3247 556 3327 sanxerunt,
579 3243 708 3308 foedera
729 3264 842 3328 regum

73 3334 135 3398 biis
158 3333 209 3397 vel
233 3354 305 3396 oum
328 3332 441 3417 rigidis
464 3335 599 3415 aequata
623 3329 763 3416 Sabinis,

73 3444 133 3486 :um
155 3421 269 3505 libros,
292 3442 412 3486 annosa
433 3419 598 3485 volumina
618 3424 729 3485 vatum

752 3528 785 3576 15
