2370 4028
451 233 560 288 amaa
578 233 598 290 1.
963 234 1024 299 161

67 372 81 436 i
104 375 245 440 multum
267 380 434 459 puerumst
455 374 534 440 loris
557 379 590 440 et
610 375 742 440 funibus
763 376 836 440 udis
1062 395 1078 443 5

67 459 233 547 hortatus,
254 467 293 527 ut
314 467 400 528 essct
422 484 515 547 opem
538 464 595 547 qui
617 464 701 528 ferre
723 464 827 548 poetis

66 551 174 634 tiquis
196 554 306 635 posset
328 554 440 616 contra
460 551 591 614 fastidia
613 555 737 634 nostra,

66 639 311 704 tmmaticorum
325 639 469 723 equitum
483 639 696 704 doctissimus.
719 638 766 704 Vt
779 638 905 703 redeam
920 636 1024 723 illuct]

66 835 144 899 mpe
167 813 369 898 inconposito
393 813 461 877 dixi
482 813 562 898 pede
585 835 710 878 currere
733 836 843 879 versus

66 902 131 966 rili.
174 900 253 978 Quis
275 905 342 965 tam
365 901 470 966 Lucili
491 902 599 966 fautor
620 902 772 986 inepteat‚

80 1011 153 1055 non
174 988 238 1054 hoc
259 989 419 1054 fateatur?
459 988 506 1053 At
527 989 626 1074 idem,
649 991 735 1074 quod
758 989 823 1055 sale
845 988 949 1055 multo

66 1097 140 1142 wem
164 1077 326 1161 defricuit,
349 1076 459 1141 charta
480 1076 630 1141 laudatur
652 1078 769 1142 cadem.

66 1185 83 1228 c
113 1169 236 1249 tamen,
268 1164 330 1230 hoc
357 1165 515 1249 tribuens,
547 1164 686 1229 dederim
716 1186 841 1249 quoque
869 1169 987 1230 cetera:
1060 1183 1076 1231 5

706 1275 781 1316 nam
803 1274 851 1317 src

82 1339 202 1406 Laberi
223 1340 354 1424 mimos,
375 1343 413 1404 ut
434 1339 569 1424 pulchra
590 1344 750 1424 poemata,
773 1341 878 1406 mirer.

65 1448 107 1512 go
131 1429 298 1493 nonsatis
321 1431 371 1493 est
392 1428 460 1492 risu
483 1427 630 1492 diducere
652 1428 769 1491 rictum

66 1516 199 1600 ditoris3
222 1519 327 1581 otest
349 1516 503 1600 quaedam
526 1519 634 1579 tamen
655 1515 709 1580 hic
732 1536 859 1599 quoquc
880 1515 998 1599 virtus3

65 1606 80 1666 t
102 1604 260 1669 brevitate
283 1625 379 1688 opus,
399 1608 437 1668 ut
459 1607 566 1667 currat
588 1602 746 1667 sententia
768 1624 830 1667 neu
853 1624 888 1667 sc

65 1691 167 1772 radiat
188 1691 295 1757 verbis
317 1691 418 1756 lassas
441 1690 647 1755 onerantibus
670 1712 776 1775 aures,
1043 1709 1076 1757 10

90 1800 231 1844 sermone
254 1801 335 1863 opus
358 1782 408 1844 est
428 1778 524 1843 modo
547 1778 647 1862 tristi,
670 1800 763 1861 saepe
785 1777 907 1861 iocoso,

65 1863 217 1932 fendente
238 1867 342 1932 ricem
364 1866 459 1931 modo
482 1865 620 1930 rhetoris
643 1869 738 1949 atque
760 1869 887 1949 poetae,

65 1955 185 2019 sardum
207 1955 329 2019 urbane
351 1955 511 2039 parcentis
533 1953 656 2018 viribus
679 1957 775 2036 atque

65 2043 234 2107 tenuantis
258 2065 311 2107 eas
334 2043 489 2107 consulto.
530 2040 714 2106 Ridiculum
737 2040 802 2105 acri

65 2130 149 2196 »mus
172 2135 206 2196 et
227 2130 342 2195 melius
364 2151 497 2215 magnas
519 2129 707 2213 plerumque
730 2131 817 2193 secat
838 2149 898 2192 res.
1043 2145 1076 2194 15

65 2212 91 2298 ἰ,
109 2219 229 2303 scripta
251 2218 369 2302 quibus
392 2218 555 2282 comoedia
576 2218 681 2300 prisca
702 2216 781 2281 viris
804 2219 867 2300 est,

65 2319 94 2366 >c
113 2308 256 2391 stabant,
278 2305 341 2371 hoc
363 2309 439 2369 sunt
461 2304 620 2388 imitandi3
644 2324 723 2387 quos
746 2325 849 2387 neque
870 2301 1002 2388 pulcher

64 2407 240 2481 trmogenes
262 2415 416 2477 umquam
438 2393 519 2478 legit
541 2413 644 2476 neque
667 2391 780 2455 simius
803 2392 865 2456 iste

64 2473 225 2567 lpraeter
248 2481 382 2546 Calvum
404 2484 438 2545 ct
460 2481 572 2545 doctus
596 2482 723 2544 cantare
747 2478 917 2543 Catullum

64 2563 76 2624 l
97 2591 254 2656 magnum
275 2570 365 2654 fecit,
389 2568 474 2652 quod
496 2568 602 2634 verbis
626 2566 747 2631 Graeca
767 2566 892 2632 Latinis
1043 2582 1077 2631 20

64 2660 172 2724 seuit?
213 2656 240 2723 0
264 2658 326 2722 aeri
350 2657 543 2740 studiorum,
566 2656 661 2739 quine
684 2655 805 2738 putetis

64 2735 161 2811 fficilc
184 2750 217 2810 et
238 2746 371 2829 mirum,
392 2743 519 2808 Rhodio
543 2743 629 2827 quod
651 2741 849 2808 Pitholeonti

64 2833 187 2919 augit?
229 2832 286 2897 ‘At
308 2853 413 2898 sermo
435 2832 546 2916 lingua
568 2831 741 2896 concinnus
763 2835 898 2913 utraque

64 2923 170 3005 prior,
192 2923 230 2984 ut
253 2919 332 2984 chio
355 2924 433 2984 nota
455 2920 483 2983 si
506 2919 667 2984 conmixta
688 2918 868 2983 Falemist.'

64 3019 100 3071 tn
122 3029 235 3073 versus
256 3008 369 3092 facias,
391 3011 423 3072 te
446 3007 551 3090 ipsum
574 3010 758 3090 percontor,
780 3028 821 3070 an
844 3009 971 3071 etcum
1043 3021 1076 3069 aa

64 3108 110 3160 ra
131 3096 194 3160 tibi
215 3096 395 3181 peragenda
416 3095 463 3159 rei
486 3096 529 3158 sit
552 3116 647 3158 causa
669 3093 799 3158 Petilli?

64 3174 152 3249 licet
175 3184 293 3248 oblitos
315 3183 500 3268 patriaeque
522 3183 686 3266 patrisque
708 3181 830 3265 Latini,

64 3283 103 3338 ¹11
124 3272 242 3337 Pedius
266 3293 376 3337 causas
399 3270 532 3334 exsudet
553 3268 719 3352 Poplicola
740 3273 836 3353 atque

63 3361 191 3445 rvinus,
214 3360 327 3444 patriis
350 3359 566 3424 intermiscere
588 3357 690 3441 petita

64 3444 129 3512 rba
149 3449 229 3513 foris
250 3448 358 3530 malis,
382 3445 533 3510 Canusini
554 3466 643 3508 more
665 3443 842 3529 bilinguis?
1042 3457 1076 3506 30

63 3549 129 3616 que
151 3558 211 3622 ego
234 3558 307 3600 cum
330 3534 468 3600 Graecos
489 3534 640 3618 facerem,
661 3537 756 3598 natus
778 3552 865 3597 mare
889 3530 981 3612 citra,

68 3640 208 3692 Eoum
832 3639 864 3686 11
