2370 4028
145 250 208 314 156

608 601 680 669 Vll

142 744 320 828 Proscripti
342 744 442 828 Regis
463 743 575 828 Rupili
597 766 658 828 pus
681 748 777 829 atque
800 766 956 809 venenum

143 832 290 916 Hybrida
313 854 376 916 quo
399 836 493 915 pacto
516 832 560 896 sit
581 832 711 897 Persius
733 832 836 916 ultus,
859 834 972 917 opinor

144 919 300 985 Omnibus
324 925 356 984 et
378 920 475 1004 lippis
497 923 610 984 notum
633 924 667 985 et
688 921 874 985 tonsoribus
897 943 971 986 esse.

143 1008 273 1074 Persius
295 1007 348 1072 hic
370 1030 544 1093 permagna
565 1009 695 1093 negotia
717 1008 806 1073 dives
827 1008 968 1073 habebat

108 1111 124 1161 t
145 1096 355 1181 Clazomenis,
378 1097 475 1161 etiam
497 1097 571 1161 lites
594 1118 667 1160 cum
689 1096 778 1180 Rege
800 1096 965 1181 molestas,

142 1184 252 1250 Durus
274 1184 372 1249 homo
395 1188 491 1268 atque
514 1184 587 1249 odio
611 1185 668 1268 qui
689 1187 798 1268 posset
820 1185 948 1249 vincere
968 1183 1069 1269 Regem,

144 1272 313 1339 confidens
336 1272 555 1356 tumidusque,
577 1272 655 1337 adeo
678 1272 835 1336 sermonis
858 1273 971 1356 amari,

144 1359 307 1444 Sisennas,
329 1360 447 1425 Barros
469 1365 506 1425 ut
529 1360 619 1444 equis
641 1363 861 1444 praecurreret
883 1360 972 1425 albis.

143 1448 195 1512 Ad
216 1449 338 1533 Regem
361 1449 464 1513 redeo.
504 1448 680 1531 Postquam
702 1447 785 1511 nihil
808 1449 893 1513 inter
915 1452 1061 1531 utrumque

92 1536 300 1601 reconvenit
323 1533 398 1622 (hoc
422 1537 540 1601 etenim
562 1540 638 1600 sunt
661 1558 770 1601 omnes
792 1536 863 1601 iure
886 1536 1020 1620 molesti,

144 1624 213 1701 Quo
236 1624 350 1708 fortes,
373 1625 489 1708 quibus
513 1624 680 1688 adversum
703 1624 824 1688 bellum
847 1625 974 1690 incidit:
995 1625 1059 1689 inter

142 1712 282 1777 Hectora
303 1712 485 1776 Priamiden
509 1713 688 1776 animosum
712 1715 807 1795 atque
825 1712 911 1777 inter
932 1711 1065 1778 Achillen

142 1799 195 1864 Ira
216 1800 280 1864 fuit
302 1801 460 1884 capitalis,
482 1804 519 1864 ut
541 1799 656 1864 ultima
679 1799 833 1864 divideret
851 1822 954 1886 mors,

142 1887 217 1954 Non
240 1887 335 1951 aliam
358 1888 398 1951 ob
423 1909 563 1971 causam,
586 1888 649 1951 nisi
673 1888 758 1971 quod
779 1888 884 1953 virtus
906 1889 942 1952 in
963 1893 1072 1971 utroquo

92 1992 123 2040 15
143 1975 275 2041 Summa
296 1976 372 2060 fuit,
395 1975 457 2039 duo
480 1977 509 2040 si
532 1975 689 2040 discordia
711 1979 805 2040 vexet
826 1977 945 2041 inertes

141 2063 210 2129 Aut
232 2065 260 2128 si
283 2064 463 2146 disparibus
485 2064 606 2127 bellum
629 2063 760 2147 incidat,
782 2067 820 2127 ut
841 2062 990 2130 Diomedi

143 2151 222 2217 Cum
244 2151 343 2234 Lycio
368 2149 501 2235 Glauco,
525 2150 665 2215 discedat
687 2151 823 2235 pigrior,
845 2151 932 2216 ultro

141 2239 329 2304 Muneribus
352 2237 488 2325 missis):
510 2239 613 2303 Bruto
636 2242 782 2322 praetore
803 2243 935 2304 tenente

141 2328 250 2391 Ditem
272 2324 397 2410 Asiam,
420 2326 532 2411 Rupili
555 2331 587 2391 11
608 2325 699 2390 Persi
721 2348 779 2410 par
800 2330 937 2412 pugnat,
959 2328 1005 2393 uti
1022 2345 1071 2390 nor

89 2431 123 2479 20
143 2413 352 2497 Conpositum
375 2415 489 2478 melius
512 2436 584 2478 oum
606 2413 704 2478 Bitho
727 2414 894 2481 Bacchius.
934 2413 974 2481 ln
993 2416 1036 2480 ius

141 2501 241 2567 Acras
263 2507 468 2587 procurrunt,
490 2523 643 2587 magnum
666 2503 883 2586 spectaculum
905 2507 1037 2588 uterquc

141 2591 270 2655 Persius
294 2590 426 2674 exponit
448 2612 589 2675 causam3
612 2591 734 2655 ridetur
756 2591 796 2655 ab
819 2592 908 2656 omni

143 2678 321 2763 conventu,
343 2678 452 2743 laudat
474 2678 612 2743 Brutum
634 2678 805 2762 laudatque
828 2678 1004 2764 cohortem,

142 2766 250 2832 Solem
271 2765 368 2831 Asiae
389 2766 528 2831 Brutum
551 2766 690 2850 appellat
713 2767 885 2850 stellasque
909 2766 1042 2832 salubres

89 2870 122 2919 25
141 2854 294 2938 Appellat
316 2855 447 2919 comites
467 2858 598 2937 excepto
621 2854 722 2939 Rege3
747 2853 863 2919 Canem
886 2855 991 2941 illum,

140 2942 284 3007 Invisum
308 2942 457 3026 agricolis
480 2943 583 3026 sidus,
605 2943 738 3007 venisse.
778 2942 905 3007 Ruebat

140 3030 276 3094 Flumen
297 3034 335 3094 ut
356 3029 540 3112 hibernum,
563 3030 665 3094 fertur
688 3051 750 3113 quo
773 3052 845 3094 rara
867 3032 995 3098 securis.

142 3118 224 3182 Tum
246 3116 473 3182 Praenestinus
496 3117 578 3181 salso
602 3117 767 3201 multoque
789 3119 904 3183 fluenti

140 3207 302 3290 Expressa
324 3206 454 3271 arbusto
479 3206 597 3290 regerit
620 3206 772 3290 convitia,
795 3206 893 3271 durus

87 3310 122 3358 30
140 3293 364 3358 Vindemiator
386 3297 418 3357 et
440 3294 592 3377 invictus,
615 3294 666 3358 cui
689 3315 782 3377 saepe
803 3294 909 3358 viator

142 3380 297 3446 Cessisset
319 3401 436 3464 magna
458 3381 640 3464 conpellans
663 3403 739 3445 voce
762 3381 918 3446 cuculum.

140 3468 186 3533 At
210 3468 361 3552 GraecuS,
384 3473 586 3553 postquamst
607 3467 689 3533 Italo
713 3469 861 3553 perfusus
884 3474 989 3555 aceto,

139 3557 270 3623 Persius
293 3556 462 3622 exclamat:
486 3558 554 3641 ‘per
576 3578 723 3642 magnos,
744 3556 858 3642 Brute,
882 3557 959 3624 deos
981 3563 1015 3625 11
