2370 4028
159 221 225 287 230
530 221 786 277 EPISTVLARVM
1088 217 1106 288 [1Ι

91 382 141 431 115
161 365 267 430 Gestit
289 365 374 429 enim
396 387 562 429 nummum
585 365 620 430 in
641 365 764 430 loculos
788 365 968 450 demittere,
988 369 1051 449 post
1065 363 1114 428 hac

160 452 309 536 Securus,
333 453 424 517 cadat
446 475 487 518 an
508 457 596 518 recto
618 457 683 518 stet
704 452 813 518 fabula
835 452 909 518 talo.

159 540 260 617 Quem
283 540 359 606 tulit
382 541 422 605 ad
443 563 589 606 scaenam
611 545 744 606 ventoso
768 540 879 606 Gloria
901 562 1007 625 curru,

158 628 331 694 Exanimat
352 629 459 694 lentus
482 632 655 714 spectator,
677 628 806 693 sedulus
829 630 934 692 inflat:

159 716 213 782 Sic
234 717 317 800 leve,
340 717 386 782 sic
407 722 586 802 parrumst,
608 717 751 781 animum
774 717 860 801 quod
881 717 985 782 laudis
1006 736 1113 781 avenn

91 821 142 871 180
160 802 294 869 Subruit
317 809 372 868 aut
393 805 504 870 reficit.
544 803 660 869 Valeat
680 826 732 868 res
754 803 889 888 ludicra,
912 805 942 868 si
963 827 1013 870 mc

160 892 271 957 Palma
291 896 408 976 negata
429 914 585 976 macrum,
608 892 724 957 donata
746 892 870 957 reducit
891 893 1040 977 opimum.

159 978 259 1064 Saepe
283 981 380 1044 etiam
402 981 553 1045 audacem
574 981 667 1065 fugat
687 979 750 1045 hoc
771 984 934 1064 terretque
955 985 1082 1065 poetam,

159 1067 252 1145 Quod
273 1090 405 1133 numero
428 1068 549 1153 plures,
571 1069 690 1133 virtute
713 1066 888 1133 ethonore
911 1068 1058 1153 minores,

158 1155 285 1220 Indocti
307 1155 478 1240 stolidique
501 1161 534 1221 et
556 1156 736 1241 depugnare
758 1156 876 1240 parati,

90 1258 141 1309 185
161 1242 196 1308 si
219 1243 378 1309 discordet
400 1266 510 1328 eques,
531 1245 637 1309 media
657 1244 741 1308 inter
763 1244 905 1309 carmina
926 1248 1059 1327 poscunt

159 1329 227 1396 Aut
248 1353 359 1395 ursum
382 1336 437 1396 aut
457 1332 596 1417 pugiles:
618 1331 670 1396 hia
691 1353 767 1395 nam
788 1331 955 1415 plebecula
977 1333 1087 1418 gaudet.

158 1419 280 1484 Verum
303 1420 420 1503 equitis
443 1442 569 1504 quoque
591 1419 656 1484 iam
678 1419 829 1504 migrarit
851 1419 891 1483 ab
916 1441 993 1485 aura
1011 1420 1141 1502 voluptu.

159 1504 271 1570 Omnis
294 1507 333 1570 ad
355 1507 492 1572 incertos
514 1509 623 1572 oculos
647 1512 679 1571 et
700 1507 817 1592 gaudia
836 1529 928 1572 vana

160 1593 317 1669 Quattuor
339 1599 395 1659 aut
416 1595 524 1679 plures
547 1595 657 1661 aulaea
678 1599 867 1679 premuntur
888 1596 924 1660 in
945 1595 1050 1678 horas,

89 1697 141 1748 190
158 1682 245 1746 Dum
266 1682 395 1767 fugiunt
418 1684 562 1767 equitum
584 1687 709 1748 1511555
730 1683 938 1767 peditumque
960 1687 1096 1765 55151155

158 1769 236 1834 Mox
257 1769 396 1835 trabitur
417 1771 564 1835 manibus
586 1791 699 1856 regum
720 1771 851 1835 fortuna
871 1773 1015 1856 retortis,

158 1857 280 1923 Esseda
301 1859 467 1942 festinant,
488 1859 622 1944 pilenta,
644 1859 814 1943 petorrita,
836 1880 946 1944 nares,

159 1945 328 2030 Captivum
350 1950 497 2030 portatur
519 1947 611 2031 ebur,
633 1947 759 2030 captiva
782 1944 963 2012 Corinthus.

160 2033 195 2098 Si
216 2034 300 2099 foret
322 2034 356 2098 in
378 2035 487 2117 terris,
509 2034 626 2099 rideret
646 2033 864 2118 Democritus,
887 2055 943 2098 seu
968 2078 970 2083 ,

90 2138 139 2187 195
158 2123 328 2187 Diversum
352 2123 483 2187 confusa
506 2143 606 2207 genus
627 2121 784 2206 panthera
806 2121 927 2187 camelo

160 2209 233 2274 Sive
255 2209 383 2293 elephas
406 2210 497 2274 albus
519 2211 608 2294 volgi
630 2214 828 2275 converteret
850 2231 920 2296 ora,

158 2295 323 2381 Spectaret
344 2297 499 2381 populum
520 2298 604 2362 ludis
628 2298 781 2363 attentius
804 2298 897 2381 ipsis,

157 2384 204 2450 Vt
226 2385 288 2449 sibi
310 2385 513 2468 praebentem
535 2386 635 2450 nimio
658 2384 838 2469 spectacula
859 2386 965 2471 plura,
1018 2438 1021 2444 .

158 2470 336 2556 Scriptores
360 2477 466 2537 autem
488 2495 616 2538 narrare
639 2477 768 2557 putaret
790 2473 887 2538 555115

87 2576 139 2626 555
156 2559 320 2626 Fabellam
343 2565 398 2625 aut
420 2561 525 2626 surdo
564 2560 650 2627 Nam
673 2582 754 2645 quae
775 2561 960 2645 pervincere
980 2579 1062 2625 15555

155 2648 313 2714 1115111515
335 2670 464 2732 sonum,
485 2649 629 2713 referunt
650 2670 746 2733 quem
767 2652 879 2714 nostra
900 2647 1040 2713 theatra?

158 2735 341 2821 Garganum
363 2737 487 2821 mugire
510 2741 603 2820 putes
626 2758 738 2801 nemus
761 2740 817 2801 aut
838 2758 926 2801 mare
949 2737 1082 2801 Tuscum:

156 2823 259 2890 Tanto
282 2846 355 2889 oum
378 2825 515 2908 strepitu
536 2824 605 2889 ludi
627 2828 811 2907 spectantur
833 2828 866 2889 51
888 2828 974 2890 51155

155 2912 359 2996 Divitiaeque
381 2912 580 2997 peregrinae,
604 2913 719 2996 quibus
743 2913 862 2977 oblitus
886 2917 975 2977 actor

87 3016 139 3066 205
158 2999 238 3064 Cum
261 3001 353 3064 stetit
374 3000 409 3065 in
430 3022 557 3083 scaena,
579 3001 740 3064 concurrit
762 3001 893 3065 dextera
913 3000 1028 3065 laevae.

155 3087 248 3152 Dixit
271 3088 373 3152 adhuc
395 3088 538 3172 aliquid?
577 3087 636 3153 Nil
658 3110 742 3152 sane.
783 3087 867 3165 Quid
888 3088 995 3173 placet
1015 3076 1091 3170 ergo?

156 3174 245 3239 Lana
266 3175 439 3242 Tarentino
461 3175 563 3241 violes
585 3177 712 3240 imitata
732 3198 863 3241 veneno.

156 3260 205 3328 Ac
226 3285 266 3327 ne
288 3263 371 3328 forte
394 3268 488 3348 putes
509 3286 575 3347 me,
598 3286 678 3348 quae
700 3264 804 3329 facere
826 3264 896 3348 ipse
919 3283 1064 3344 recusem,

157 3349 237 3415 Dum
260 3354 344 3416 15515
367 3355 505 3416 tractent
527 3351 595 3436 alii,
617 3351 746 3416 laudare
769 3352 923 3437 maligne:

87 3437 216 3503 5151115
238 3460 296 3522 551
318 3442 483 3504 extentum
505 3439 614 3504 funem
636 3440 717 3504 mihi
739 3462 833 3523 posse
855 3441 983 3505 videtur

156 3525 207 3592 Ire
229 3530 337 3611 poeta,
359 3549 466 3592 meum
489 3528 545 3612 qui
567 3532 678 3612 pectus
700 3529 838 3593 inamter
860 3530 965 3614 angit,
