2370 4028
142 186 165 239 L
422 182 471 236 DE
489 182 623 236 Murius
640 181 869 237 HORATIANIS.

143 334 240 392 tiones
284 332 422 391 metricas
462 332 557 390 isdem
596 333 657 390 fere
692 330 809 409 legibus
844 331 1010 407 temperari
1042 329 1141 408 ,quibu

144 421 326 496 Heniochi,
357 421 386 479 h.
419 441 443 480 e.
475 423 610 479 consciri
640 419 771 478 nemeis
801 419 947 495 iambicis,
985 420 1143 495 crocino,
1179 402 1182 424 ¹

146 509 311 584 dactylicis,
333 508 525 586 logaoedicis,
548 508 765 584 simplicissima
788 509 853 566 arte
875 507 1062 583 compositis.

234 596 292 655 Sed
316 596 396 672 quod
413 597 485 655 Hor.
509 596 614 654 asserit
636 615 654 654 a
676 614 708 654 se
726 595 896 654 Archilochi
917 595 1036 656 iambos
1059 600 1146 657 uma
1184 585 1185 599 ¹

144 686 222 746 latos
245 686 277 743 in
298 685 432 760 Latium,
459 684 503 743 ita
525 683 758 761 intellegendum
785 686 837 759 est,
864 687 900 742 ut
927 683 1066 744 dicamus
1089 704 1147 744 eun

143 774 276 849 ‘primum
307 773 408 848 epodis
439 773 542 831 iuncta
573 772 704 830 carmina
730 771 858 830 iambica
884 780 1006 848 aptasse
1033 773 1148 852 linguae

145 862 269 937 patriae.
306 861 427 919 Etenim
449 863 583 919 cantores
601 859 810 936 Euphorionis,
833 877 907 935 quos
931 859 1008 919 dicit
1028 861 1149 939 Tullius,

145 953 182 1008 ut
198 952 274 1025 puta
294 947 438 1023 Catullus,
456 947 594 1023 Laevius,
615 948 675 1023 alii,
698 948 786 1024 longe
804 950 874 1006 ante
892 948 1003 1024 ipsum,
1026 949 1149 1008 Alexan·

147 1037 246 1096 drinos
277 1036 466 1112 potissimum
496 1035 592 1095 secuti
622 1038 738 1112 poetae,
769 1035 920 1096 trimetros
948 1039 980 1094 et
1013 1037 1149 1098 dimensa

147 1126 265 1184 exclusa
287 1123 488 1183 scaenicorum
509 1124 630 1183 licentia
652 1123 821 1182 adhibuere.
862 1122 998 1192 Quorum
1021 1125 1099 1187 adeo
1120 1124 1149 1185 do

104 1254 105 1257 η
146 1216 211 1272 aste
233 1212 380 1270 remisisse
403 1211 518 1287 aliquid
540 1211 660 1270 videtur
681 1212 753 1271 Hor.

234 1299 425 1360 Aeolensium
455 1302 613 1375 poetarum
644 1299 682 1358 ad
712 1317 850 1359 numeros
879 1299 995 1376 primus
1025 1302 1150 1361 carmina

147 1388 265 1464 aptavit
288 1387 436 1463 Catullus,
464 1387 515 1445 sed
542 1391 577 1446 ut
599 1388 678 1446 intra
701 1386 839 1463 Sapphus
862 1387 1067 1449 imitationem
1089 1388 1150 1450 sub

147 1478 273 1536 sisteret.
321 1476 429 1551 Itaque
459 1478 539 1535 recte
570 1496 632 1534 rem
662 1476 819 1534 instituere
851 1475 943 1552 docti,
976 1478 1063 1552 quod
1094 1478 1151 1537 eins

146 1583 252 1641 poema
282 1564 365 1622 XXX
394 1563 533 1623 binorum
562 1582 703 1623 versuum
738 1563 907 1638 systematis
943 1563 1151 1626 distinxerunt

146 1653 226 1711 Nam
246 1652 302 1710 tali
319 1654 415 1711 metro
432 1655 532 1712 totum
548 1652 657 1710 librum
674 1652 799 1711 tertium
817 1650 955 1727 Sapphus
974 1652 1151 1731 dispositum

147 1760 165 1800 a
188 1739 388 1818 grammaticis
410 1739 618 1798 Alexandrinis
640 1742 687 1798 sat
709 1742 834 1799 constat.

235 1828 278 1887 At
300 1827 457 1903 Horatius,
483 1828 556 1886 mihi
579 1828 699 1903 quidem
720 1830 757 1886 ut
778 1827 909 1903 videtur,
935 1832 1094 1906 quotquot
1113 1830 1152 1890 in·
1184 1821 1185 1908 ,

147 1916 220 1975 tulit
245 1916 340 1992 lyrica
365 1919 461 1974 metra
487 1915 587 1990 Latio,
615 1934 682 1974 oum
703 1914 807 1974 Alcaei
833 1916 960 1974 maximo
984 1916 1153 1980 imitatione

147 2005 278 2064 novavit.
324 2002 462 2063 Ceterum
488 2021 590 2063 versus
615 2003 749 2079 sapphici
770 2003 890 2064 maioris
914 2007 944 2062 et
966 2004 1153 2086 iambelegiai

149 2092 282 2168 exempla
300 2091 381 2167 apud
399 2090 526 2150 Graecos
543 2110 603 2151 non
622 2091 823 2151 inveniuntur.
863 2091 909 2150 Ac
930 2093 1062 2154 fortasse
1085 2095 1154 2155 haec

147 2183 243 2238 metra
264 2179 379 2238 invenit
399 2179 471 2255 ipse.

237 2266 405 2342 Systemata
427 2271 528 2326 autem
549 2267 713 2326 carminum
739 2267 899 2342 lyricorum
923 2270 1029 2327 utrum
1058 2271 1153 2332 omnia

148 2355 308 2432 sumpserit
344 2355 381 2414 ab
416 2354 526 2414 Alcaeo
562 2373 601 2413 an
635 2358 751 2431 partem
786 2355 902 2414 definiri
933 2356 1019 2416 nullo
1057 2361 1154 2435 potest

148 2447 245 2520 pacto,
264 2462 332 2502 cum
350 2442 489 2502 disiectae
507 2443 594 2502 nimis
613 2461 648 2502 ac
665 2442 850 2502 disturbatos
862 2443 952 2502 huius
968 2444 1031 2504 sint
1049 2451 1154 2522 poetae

148 2532 301 2608 reliquiae.
330 2530 514 2590 conferenda
526 2534 636 2606 tamen,
651 2550 728 2606 quae
741 2532 885 2608 leguntur
902 2530 929 2589 d.
943 2551 966 2590 r.
980 2552 1021 2590 m.
1038 2536 1104 2594 122
1114 2553 1153 2611 sq.

237 2620 310 2678 Iam
355 2638 431 2678 curn
472 2616 598 2677 Graeci
642 2619 749 2693 lyrici
793 2620 829 2677 in
869 2619 946 2678 basi
986 2639 1154 2682 versuum

150 2708 404 2784 glyconeorum
422 2707 736 2782 pherecrateorum
755 2707 1067 2783 asclepiadeorum
1081 2730 1154 2771 cum

149 2796 319 2855 trochaeo
342 2795 539 2871 principali
559 2794 760 2870 promiscue
779 2795 1031 2856 adhibuissent
1051 2817 1153 2876 spon·

150 2884 264 2959 deum,
287 2882 453 2958 iambum,
475 2882 709 2959 pyrrichium,
732 2887 767 2943 et
784 2884 987 2943 voluissent
1004 2887 1154 2960 primam

151 2974 186 3029 et
231 2971 393 3046 quintam
438 2970 613 3045 syllabam
658 2972 875 3031 alcaicorum
916 2976 1153 3052 quartamque

151 3059 406 3134 sapphicorum
433 3058 627 3134 ancipitem
658 3060 745 3134 sive,
776 3061 817 3118 ut
848 3063 987 3119 veteres
1020 3061 1153 3137 dixere,

150 3165 378 3221 communem,
400 3145 575 3206 Horatius
598 3148 714 3207 omnia
737 3148 884 3207 firmata
904 3149 1074 3224 spondeis
1093 3152 1153 3210 sub

151 3235 366 3294 severiorem
388 3234 502 3312 legem
523 3236 716 3295 revocavit.
752 3236 945 3295 Praeterea
965 3255 1043 3296 cum
1065 3239 1154 3299 idem

151 3340 332 3398 caesuras,
366 3340 453 3398 quas
484 3324 710 3401 longioribus
743 3324 824 3382 addi
850 3325 974 3384 metris
1001 3325 1154 3388 intereat

152 3411 369 3488 elegantiae,
406 3429 511 3487 saepe
542 3412 755 3471 habuissent
785 3413 945 3488 insuper,
980 3412 1153 3475 Horatius

151 3498 315 3558 versibus
351 3499 515 3558 undecim
550 3500 772 3575 syllabarum
812 3501 886 3560 sive
926 3501 1099 3580 plurium,
1138 3520 1154 3562 a
