<?xml version="1.0" encoding="UTF-8"?>
<!DOCTYPE html PUBLIC "-//W3C//DTD XHTML 1.0 Transitional//EN"
    "http://www.w3.org/TR/xhtml1/DTD/xhtml1-transitional.dtd">
<html xmlns="http://www.w3.org/1999/xhtml" xml:lang="en" lang="en">
 <head>
  <title>
</title>
<meta http-equiv="Content-Type" content="text/html;charset=utf-8" />
  <meta name='ocr-system' content='tesseract 3.04.00' />
  <meta name='ocr-capabilities' content='ocr_page ocr_carea ocr_par ocr_line ocrx_word'/>
</head>
<body>
  <div class='ocr_page' id='page_1' title='image "./qhoratiusflacci01horagoog_0109.png"; bbox 0 0 2370 4028; ppageno 0'>
   <div class='ocr_carea' id='block_1_1' title="bbox 494 220 689 276">
    <p class='ocr_par' dir='ltr' id='par_1_1' title="bbox 494 220 689 276">
     <span class='ocr_line' id='line_1_1' title="bbox 494 220 689 276; baseline 0.005 -1"><span class='ocrx_word' id='word_1_1' title='bbox 494 220 689 276; x_wconf 82' lang='lat' dir='ltr'><strong>CARMINVM</strong></span> 
     </span>
    </p>
   </div>
   <div class='ocr_carea' id='block_1_2' title="bbox 220 364 863 537">
    <p class='ocr_par' dir='ltr' id='par_1_2' title="bbox 220 364 863 537">
     <span class='ocr_line' id='line_1_2' title="bbox 220 364 863 448; baseline 0.003 -19"><span class='ocrx_word' id='word_1_2' title='bbox 220 364 350 429; x_wconf 67' lang='lat' dir='ltr'><strong>Vivitur</strong></span> <span class='ocrx_word' id='word_1_3' title='bbox 372 386 470 448; x_wconf 85' lang='lat' dir='ltr'><strong>parvo</strong></span> <span class='ocrx_word' id='word_1_4' title='bbox 493 365 587 448; x_wconf 92' lang='lat' dir='ltr'><strong>bene,</strong></span> <span class='ocrx_word' id='word_1_5' title='bbox 610 365 662 429; x_wconf 90' lang='lat' dir='ltr'><strong>cui</strong></span> <span class='ocrx_word' id='word_1_6' title='bbox 683 369 863 448; x_wconf 77' lang='lat' dir='ltr'><strong>palernum</strong></span> 
     </span>
     <span class='ocr_line' id='line_1_3' title="bbox 222 451 843 537; baseline 0.002 -20"><span class='ocrx_word' id='word_1_7' title='bbox 222 451 375 537; x_wconf 76' lang='lat' dir='ltr'><strong>Splendei</strong></span> <span class='ocrx_word' id='word_1_8' title='bbox 397 453 431 516; x_wconf 94' lang='lat' dir='ltr'><strong>in</strong></span> <span class='ocrx_word' id='word_1_9' title='bbox 453 474 565 516; x_wconf 85' lang='lat' dir='ltr'><strong>mense</strong></span> <span class='ocrx_word' id='word_1_10' title='bbox 586 453 676 517; x_wconf 77' lang='lat' dir='ltr'><strong>tenui</strong></span> <span class='ocrx_word' id='word_1_11' title='bbox 699 453 843 518; x_wconf 86' lang='lat' dir='ltr'><strong>salinum</strong></span> 
     </span>
    </p>
   </div>
   <div class='ocr_carea' id='block_1_3' title="bbox 219 541 895 693">
    <p class='ocr_par' dir='ltr' id='par_1_3' title="bbox 219 541 895 693">
     <span class='ocr_line' id='line_1_4' title="bbox 219 541 895 627; baseline 0.004 -21"><span class='ocrx_word' id='word_1_12' title='bbox 219 541 287 606; x_wconf 91' lang='lat' dir='ltr'><strong>Nec</strong></span> <span class='ocrx_word' id='word_1_13' title='bbox 309 541 394 605; x_wconf 84' lang='lat' dir='ltr'><strong>leves</strong></span> <span class='ocrx_word' id='word_1_14' title='bbox 418 562 547 605; x_wconf 84' lang='lat' dir='ltr'><strong>somnos</strong></span> <span class='ocrx_word' id='word_1_15' title='bbox 569 541 667 605; x_wconf 79' lang='lat' dir='ltr'><strong>timor</strong></span> <span class='ocrx_word' id='word_1_16' title='bbox 689 545 745 606; x_wconf 79' lang='lat' dir='ltr'><strong>aut</strong></span> <span class='ocrx_word' id='word_1_17' title='bbox 768 543 895 627; x_wconf 86' lang='lat' dir='ltr'><strong>cupido</strong></span> 
     </span>
     <span class='ocr_line' id='line_1_5' title="bbox 265 628 553 693; baseline 0 -1"><span class='ocrx_word' id='word_1_18' title='bbox 265 628 418 693; x_wconf 86' lang='lat' dir='ltr'>Sordidus</span> <span class='ocrx_word' id='word_1_19' title='bbox 440 628 553 692; x_wconf 74' lang='lat' dir='ltr'><strong>aufert.</strong></span> 
     </span>
    </p>
   </div>
   <div class='ocr_carea' id='block_1_4' title="bbox 221 777 886 1127">
    <p class='ocr_par' dir='ltr' id='par_1_4' title="bbox 222 777 841 854">
     <span class='ocr_line' id='line_1_6' title="bbox 222 777 841 854; baseline 0.002 -12"><span class='ocrx_word' id='word_1_20' title='bbox 222 777 305 854; x_wconf 81' lang='lat' dir='ltr'><strong>Quid</strong></span> <span class='ocrx_word' id='word_1_21' title='bbox 327 779 417 843; x_wconf 81' lang='lat' dir='ltr'><strong>brevi</strong></span> <span class='ocrx_word' id='word_1_22' title='bbox 439 778 539 843; x_wconf 74' lang='lat' dir='ltr'><strong>fortes</strong></span> <span class='ocrx_word' id='word_1_23' title='bbox 562 777 738 842; x_wconf 85' lang='lat' dir='ltr'><strong>iaculamur</strong></span> <span class='ocrx_word' id='word_1_24' title='bbox 760 799 841 843; x_wconf 81' lang='lat' dir='ltr'><strong>aevo</strong></span> 
     </span>
    </p>

    <p class='ocr_par' dir='ltr' id='par_1_5' title="bbox 221 865 848 943">
     <span class='ocr_line' id='line_1_7' title="bbox 221 865 848 943; baseline 0.003 -14"><span class='ocrx_word' id='word_1_25' title='bbox 221 866 345 930; x_wconf 76' lang='lat' dir='ltr'><strong>Multa?</strong></span> <span class='ocrx_word' id='word_1_26' title='bbox 387 865 471 943; x_wconf 84' lang='lat' dir='ltr'><strong>Quid</strong></span> <span class='ocrx_word' id='word_1_27' title='bbox 494 871 595 930; x_wconf 78' lang='lat' dir='ltr'><strong>terras</strong></span> <span class='ocrx_word' id='word_1_28' title='bbox 618 866 681 930; x_wconf 88' lang='lat' dir='ltr'><strong>alio</strong></span> <span class='ocrx_word' id='word_1_29' title='bbox 705 866 848 932; x_wconf 70' lang='lat' dir='ltr'><strong>calentes</strong></span> 
     </span>
    </p>

    <p class='ocr_par' dir='ltr' id='par_1_6' title="bbox 221 953 886 1127">
     <span class='ocr_line' id='line_1_8' title="bbox 221 953 886 1039; baseline 0.003 -20"><span class='ocrx_word' id='word_1_30' title='bbox 221 953 294 1019; x_wconf 88' lang='lat' dir='ltr'><strong>Sole</strong></span> <span class='ocrx_word' id='word_1_31' title='bbox 316 954 499 1018; x_wconf 79' lang='lat' dir='ltr'><strong>mutamus?</strong></span> <span class='ocrx_word' id='word_1_32' title='bbox 540 954 667 1019; x_wconf 69' lang='lat' dir='ltr'><strong>Patriae</strong></span> <span class='ocrx_word' id='word_1_33' title='bbox 691 954 763 1039; x_wconf 88' lang='lat' dir='ltr'><strong>quis</strong></span> <span class='ocrx_word' id='word_1_34' title='bbox 787 955 886 1021; x_wconf 84' lang='lat' dir='ltr'><strong>exsul</strong></span> 
     </span>
     <span class='ocr_line' id='line_1_9' title="bbox 265 1041 586 1127; baseline -0.003 -20"><span class='ocrx_word' id='word_1_35' title='bbox 265 1041 305 1107; x_wconf 86' lang='lat' dir='ltr'><strong>Se</strong></span> <span class='ocrx_word' id='word_1_36' title='bbox 329 1064 455 1126; x_wconf 92' lang='lat' dir='ltr'><strong>quoque</strong></span> <span class='ocrx_word' id='word_1_37' title='bbox 478 1042 586 1127; x_wconf 78' lang='lat' dir='ltr'><strong>fugit?</strong></span> 
     </span>
    </p>
   </div>
   <div class='ocr_carea' id='block_1_5' title="bbox 145 1191 894 1521">
    <p class='ocr_par' dir='ltr' id='par_1_7' title="bbox 145 1191 755 1267">
     <span class='ocr_line' id='line_1_10' title="bbox 145 1191 755 1267; baseline -0.002 -10"><span class='ocrx_word' id='word_1_38' title='bbox 145 1256 151 1267; x_wconf 82' lang='grc'><em>,</em></span> <span class='ocrx_word' id='word_1_39' title='bbox 221 1191 351 1257; x_wconf 76' lang='lat' dir='ltr'><strong>Scandil</strong></span> <span class='ocrx_word' id='word_1_40' title='bbox 374 1195 497 1257; x_wconf 76' lang='lat' dir='ltr'><strong>aeratas</strong></span> <span class='ocrx_word' id='word_1_41' title='bbox 519 1193 636 1257; x_wconf 81' lang='lat' dir='ltr'><strong>vitiosa</strong></span> <span class='ocrx_word' id='word_1_42' title='bbox 658 1214 755 1256; x_wconf 82' lang='lat' dir='ltr'><strong>naves</strong></span> 
     </span>
    </p>

    <p class='ocr_par' dir='ltr' id='par_1_8' title="bbox 221 1280 894 1368">
     <span class='ocr_line' id='line_1_11' title="bbox 221 1280 894 1368; baseline 0.003 -23"><span class='ocrx_word' id='word_1_43' title='bbox 221 1280 304 1345; x_wconf 82' lang='lat' dir='ltr'><strong>Oura</strong></span> <span class='ocrx_word' id='word_1_44' title='bbox 325 1303 383 1345; x_wconf 95' lang='lat' dir='ltr'><strong>nec</strong></span> <span class='ocrx_word' id='word_1_45' title='bbox 407 1285 529 1344; x_wconf 82' lang='lat' dir='ltr'><strong>turmas</strong></span> <span class='ocrx_word' id='word_1_46' title='bbox 552 1281 697 1364; x_wconf 82' lang='lat' dir='ltr'><strong>equitum</strong></span> <span class='ocrx_word' id='word_1_47' title='bbox 719 1280 894 1368; x_wconf 79' lang='lat' dir='ltr'><strong>relinquit,</strong></span> 
     </span>
    </p>

    <p class='ocr_par' dir='ltr' id='par_1_9' title="bbox 221 1367 782 1521">
     <span class='ocr_line' id='line_1_12' title="bbox 221 1367 782 1453; baseline 0.002 -21"><span class='ocrx_word' id='word_1_48' title='bbox 221 1367 317 1434; x_wconf 80' lang='lat' dir='ltr'><strong>Ocior</strong></span> <span class='ocrx_word' id='word_1_49' title='bbox 339 1369 440 1434; x_wconf 84' lang='lat' dir='ltr'><strong>cervis</strong></span> <span class='ocrx_word' id='word_1_50' title='bbox 464 1373 496 1433; x_wconf 73' lang='lat' dir='ltr'><strong>el</strong></span> <span class='ocrx_word' id='word_1_51' title='bbox 518 1373 632 1453; x_wconf 78' lang='lat' dir='ltr'>agente</span> <span class='ocrx_word' id='word_1_52' title='bbox 655 1368 782 1433; x_wconf 89' lang='lat' dir='ltr'><strong>nimbos</strong></span> 
     </span>
     <span class='ocr_line' id='line_1_13' title="bbox 265 1455 479 1521; baseline -0.005 0"><span class='ocrx_word' id='word_1_53' title='bbox 265 1455 361 1521; x_wconf 89' lang='lat' dir='ltr'><strong>Ocior</strong></span> <span class='ocrx_word' id='word_1_54' title='bbox 382 1456 479 1520; x_wconf 84' lang='lat' dir='ltr'>Euro.</span> 
     </span>
    </p>
   </div>
   <div class='ocr_carea' id='block_1_6' title="bbox 107 1607 971 1691">
    <p class='ocr_par' dir='ltr' id='par_1_10' title="bbox 107 1607 971 1691">
     <span class='ocr_line' id='line_1_14' title="bbox 107 1607 971 1691; baseline 0 -20"><span class='ocrx_word' id='word_1_55' title='bbox 107 1625 121 1671; x_wconf 78' lang='lat'>5</span> <span class='ocrx_word' id='word_1_56' title='bbox 219 1607 337 1671; x_wconf 79' lang='lat' dir='ltr'><strong>Laetus</strong></span> <span class='ocrx_word' id='word_1_57' title='bbox 360 1607 393 1671; x_wconf 92' lang='lat' dir='ltr'><strong>in</strong></span> <span class='ocrx_word' id='word_1_58' title='bbox 416 1628 565 1690; x_wconf 88' lang='lat' dir='ltr'><strong>praesens</strong></span> <span class='ocrx_word' id='word_1_59' title='bbox 589 1607 714 1671; x_wconf 88' lang='lat' dir='ltr'><strong>animus</strong></span> <span class='ocrx_word' id='word_1_60' title='bbox 738 1607 824 1691; x_wconf 90' lang='lat' dir='ltr'><strong>quod</strong></span> <span class='ocrx_word' id='word_1_61' title='bbox 847 1609 971 1675; x_wconf 73' lang='lat' dir='ltr'><strong>ultrast</strong></span> 
     </span>
    </p>
   </div>
   <div class='ocr_carea' id='block_1_7' title="bbox 220 1693 758 1759">
    <p class='ocr_par' dir='ltr' id='par_1_11' title="bbox 220 1693 758 1759">
     <span class='ocr_line' id='line_1_15' title="bbox 220 1693 758 1759; baseline -0.002 0"><span class='ocrx_word' id='word_1_62' title='bbox 220 1693 332 1759; x_wconf 76' lang='lat' dir='ltr'><strong>Oderit</strong></span> <span class='ocrx_word' id='word_1_63' title='bbox 355 1716 464 1759; x_wconf 88' lang='lat' dir='ltr'><strong>curare</strong></span> <span class='ocrx_word' id='word_1_64' title='bbox 488 1699 520 1759; x_wconf 79' lang='lat' dir='ltr'><strong>et</strong></span> <span class='ocrx_word' id='word_1_65' title='bbox 543 1717 650 1758; x_wconf 84' lang='lat' dir='ltr'><strong>amara</strong></span> <span class='ocrx_word' id='word_1_66' title='bbox 672 1695 758 1759; x_wconf 77' lang='lat' dir='ltr'><strong>lenio</strong></span> 
     </span>
    </p>
   </div>
   <div class='ocr_carea' id='block_1_8' title="bbox 220 1782 843 1936">
    <p class='ocr_par' dir='ltr' id='par_1_12' title="bbox 220 1782 843 1936">
     <span class='ocr_line' id='line_1_16' title="bbox 220 1782 843 1867; baseline 0.003 -21"><span class='ocrx_word' id='word_1_67' title='bbox 220 1783 387 1867; x_wconf 74' lang='lat' dir='ltr'>Temperet</span> <span class='ocrx_word' id='word_1_68' title='bbox 410 1783 491 1866; x_wconf 83' lang='lat' dir='ltr'><strong>risu3</strong></span> <span class='ocrx_word' id='word_1_69' title='bbox 514 1782 597 1847; x_wconf 91' lang='lat' dir='ltr'><strong>nihil</strong></span> <span class='ocrx_word' id='word_1_70' title='bbox 619 1787 668 1847; x_wconf 80' lang='lat' dir='ltr'><strong>est</strong></span> <span class='ocrx_word' id='word_1_71' title='bbox 690 1783 730 1847; x_wconf 86' lang='lat' dir='ltr'><strong>ab</strong></span> <span class='ocrx_word' id='word_1_72' title='bbox 753 1783 843 1848; x_wconf 91' lang='lat' dir='ltr'><strong>omni</strong></span> 
     </span>
     <span class='ocr_line' id='line_1_17' title="bbox 263 1871 519 1936; baseline -0.004 -1"><span class='ocrx_word' id='word_1_73' title='bbox 263 1871 358 1936; x_wconf 67' lang='lat' dir='ltr'><strong>Parle</strong></span> <span class='ocrx_word' id='word_1_74' title='bbox 381 1871 519 1934; x_wconf 77' lang='lat' dir='ltr'><strong>beatum.</strong></span> 
     </span>
    </p>
   </div>
   <div class='ocr_carea' id='block_1_9' title="bbox 218 2019 904 2369">
    <p class='ocr_par' dir='ltr' id='par_1_13' title="bbox 219 2019 904 2108">
     <span class='ocr_line' id='line_1_18' title="bbox 219 2019 904 2108; baseline 0 -22"><span class='ocrx_word' id='word_1_75' title='bbox 219 2021 364 2086; x_wconf 67' lang='lat' dir='ltr'><strong>Abstulit</strong></span> <span class='ocrx_word' id='word_1_76' title='bbox 388 2019 508 2084; x_wconf 90' lang='lat' dir='ltr'><strong>clarum</strong></span> <span class='ocrx_word' id='word_1_77' title='bbox 531 2021 595 2084; x_wconf 78' lang='lat' dir='ltr'><strong>cita</strong></span> <span class='ocrx_word' id='word_1_78' title='bbox 616 2041 703 2084; x_wconf 92' lang='lat' dir='ltr'><strong>mors</strong></span> <span class='ocrx_word' id='word_1_79' title='bbox 726 2019 904 2108; x_wconf 79' lang='lat' dir='ltr'><strong>Achillem,</strong></span> 
     </span>
    </p>

    <p class='ocr_par' dir='ltr' id='par_1_14' title="bbox 218 2107 868 2195">
     <span class='ocr_line' id='line_1_19' title="bbox 218 2107 868 2195; baseline -0.002 -21"><span class='ocrx_word' id='word_1_80' title='bbox 218 2109 331 2194; x_wconf 88' lang='lat' dir='ltr'><strong>Longa</strong></span> <span class='ocrx_word' id='word_1_81' title='bbox 353 2107 527 2172; x_wconf 77' lang='lat' dir='ltr'><strong>Tithonum</strong></span> <span class='ocrx_word' id='word_1_82' title='bbox 550 2108 667 2173; x_wconf 78' lang='lat' dir='ltr'><strong>minuit</strong></span> <span class='ocrx_word' id='word_1_83' title='bbox 690 2112 868 2195; x_wconf 68' lang='lat' dir='ltr'><strong>seneclus,-</strong></span> 
     </span>
    </p>

    <p class='ocr_par' dir='ltr' id='par_1_15' title="bbox 219 2196 864 2369">
     <span class='ocr_line' id='line_1_20' title="bbox 219 2196 864 2282; baseline 0 -21"><span class='ocrx_word' id='word_1_84' title='bbox 219 2198 264 2262; x_wconf 77' lang='lat' dir='ltr'><strong>Et</strong></span> <span class='ocrx_word' id='word_1_85' title='bbox 285 2196 366 2261; x_wconf 94' lang='lat' dir='ltr'><strong>mihi</strong></span> <span class='ocrx_word' id='word_1_86' title='bbox 388 2197 509 2279; x_wconf 81' lang='lat' dir='ltr'><strong>forsan,</strong></span> <span class='ocrx_word' id='word_1_87' title='bbox 532 2197 592 2260; x_wconf 78' lang='lat' dir='ltr'><strong>tibi</strong></span> <span class='ocrx_word' id='word_1_88' title='bbox 615 2197 701 2279; x_wconf 84' lang='lat' dir='ltr'><strong>quod</strong></span> <span class='ocrx_word' id='word_1_89' title='bbox 722 2197 864 2282; x_wconf 76' lang='lat' dir='ltr'><strong>negarit,</strong></span> 
     </span>
     <span class='ocr_line' id='line_1_21' title="bbox 263 2284 601 2369; baseline -0.006 -21"><span class='ocrx_word' id='word_1_90' title='bbox 263 2284 412 2369; x_wconf 75' lang='lat' dir='ltr'><strong>Porrigei</strong></span> <span class='ocrx_word' id='word_1_91' title='bbox 433 2284 520 2348; x_wconf 85' lang='lat' dir='ltr'><strong>horn.</strong></span> <span class='ocrx_word' id='word_1_92' title='bbox 599 2293 601 2298; x_wconf 85' lang='grc'><strong>’</strong></span> 
     </span>
    </p>
   </div>
   <div class='ocr_carea' id='block_1_10' title="bbox 219 2432 910 2608">
    <p class='ocr_par' dir='ltr' id='par_1_16' title="bbox 219 2432 910 2608">
     <span class='ocr_line' id='line_1_22' title="bbox 220 2432 910 2519; baseline 0.003 -21"><span class='ocrx_word' id='word_1_93' title='bbox 220 2435 264 2499; x_wconf 79' lang='lat' dir='ltr'><strong>Te</strong></span> <span class='ocrx_word' id='word_1_94' title='bbox 288 2454 402 2519; x_wconf 85' lang='lat' dir='ltr'>greges</span> <span class='ocrx_word' id='word_1_95' title='bbox 425 2437 552 2498; x_wconf 68' lang='lat' dir='ltr'><strong>centum</strong></span> <span class='ocrx_word' id='word_1_96' title='bbox 576 2432 763 2518; x_wconf 80' lang='lat' dir='ltr'><strong>Siculaeque</strong></span> <span class='ocrx_word' id='word_1_97' title='bbox 786 2435 910 2500; x_wconf 86' lang='lat' dir='ltr'><strong>circum</strong></span> 
     </span>
     <span class='ocr_line' id='line_1_23' title="bbox 219 2522 896 2608; baseline 0 -21"><span class='ocrx_word' id='word_1_98' title='bbox 219 2522 370 2608; x_wconf 78' lang='lat' dir='ltr'><strong>Mugiunt</strong></span> <span class='ocrx_word' id='word_1_99' title='bbox 391 2543 517 2605; x_wconf 83' lang='lat' dir='ltr'><strong>vaccae,</strong></span> <span class='ocrx_word' id='word_1_100' title='bbox 539 2522 601 2586; x_wconf 79' lang='lat' dir='ltr'><strong>tibi</strong></span> <span class='ocrx_word' id='word_1_101' title='bbox 624 2523 711 2586; x_wconf 74' lang='lat' dir='ltr'><strong>tollit</strong></span> <span class='ocrx_word' id='word_1_102' title='bbox 732 2523 896 2588; x_wconf 72' lang='lat' dir='ltr'><strong>hinnilum</strong></span> 
     </span>
    </p>
   </div>
   <div class='ocr_carea' id='block_1_11' title="bbox 87 2609 975 2695">
    <p class='ocr_par' dir='ltr' id='par_1_17' title="bbox 87 2609 975 2695">
     <span class='ocr_line' id='line_1_24' title="bbox 87 2609 975 2695; baseline -0.003 -19"><span class='ocrx_word' id='word_1_103' title='bbox 87 2630 121 2676; x_wconf 70' lang='grc' dir='ltr'><strong>,ὁ</strong></span> <span class='ocrx_word' id='word_1_104' title='bbox 220 2612 307 2695; x_wconf 80' lang='lat' dir='ltr'><strong>Apla</strong></span> <span class='ocrx_word' id='word_1_105' title='bbox 330 2611 493 2694; x_wconf 81' lang='lat' dir='ltr'><strong>quadrigis</strong></span> <span class='ocrx_word' id='word_1_106' title='bbox 517 2631 610 2694; x_wconf 88' lang='lat' dir='ltr'><strong>equa,</strong></span> <span class='ocrx_word' id='word_1_107' title='bbox 633 2615 666 2674; x_wconf 77' lang='lat' dir='ltr'><strong>te</strong></span> <span class='ocrx_word' id='word_1_108' title='bbox 688 2610 739 2674; x_wconf 92' lang='lat' dir='ltr'><strong>bis</strong></span> <span class='ocrx_word' id='word_1_109' title='bbox 761 2609 841 2674; x_wconf 84' lang='lat' dir='ltr'><strong>Afro</strong></span> <span class='ocrx_word' id='word_1_110' title='bbox 962 2650 975 2671; x_wconf 85' lang='grc'><strong>.</strong></span> 
     </span>
    </p>
   </div>
   <div class='ocr_carea' id='block_1_12' title="bbox 263 2699 526 2764">
    <p class='ocr_par' dir='ltr' id='par_1_18' title="bbox 263 2699 526 2764">
     <span class='ocr_line' id='line_1_25' title="bbox 263 2699 526 2764; baseline -0.008 -1"><span class='ocrx_word' id='word_1_111' title='bbox 263 2699 384 2764; x_wconf 89' lang='lat' dir='ltr'><strong>Murice</strong></span> <span class='ocrx_word' id='word_1_112' title='bbox 408 2699 526 2762; x_wconf 76' lang='lat' dir='ltr'><strong>linetae</strong></span> 
     </span>
    </p>
   </div>
   <div class='ocr_carea' id='block_1_13' title="bbox 220 2847 934 3197">
    <p class='ocr_par' dir='ltr' id='par_1_19' title="bbox 220 2847 877 2932">
     <span class='ocr_line' id='line_1_26' title="bbox 220 2847 877 2932; baseline 0 -19"><span class='ocrx_word' id='word_1_113' title='bbox 220 2848 373 2913; x_wconf 77' lang='lat' dir='ltr'><strong>Vestiunl</strong></span> <span class='ocrx_word' id='word_1_114' title='bbox 395 2849 500 2932; x_wconf 81' lang='lat' dir='ltr'><strong>lanae3</strong></span> <span class='ocrx_word' id='word_1_115' title='bbox 522 2847 602 2912; x_wconf 93' lang='lat' dir='ltr'><strong>mihi</strong></span> <span class='ocrx_word' id='word_1_116' title='bbox 625 2870 724 2932; x_wconf 84' lang='lat' dir='ltr'><strong>parva</strong></span> <span class='ocrx_word' id='word_1_117' title='bbox 746 2869 821 2912; x_wconf 87' lang='lat' dir='ltr'><strong>rura</strong></span> <span class='ocrx_word' id='word_1_118' title='bbox 843 2852 877 2913; x_wconf 79' lang='lat' dir='ltr'><strong>et</strong></span> 
     </span>
    </p>

    <p class='ocr_par' dir='ltr' id='par_1_20' title="bbox 222 2935 844 3021">
     <span class='ocr_line' id='line_1_27' title="bbox 222 2935 844 3021; baseline -0.003 -20"><span class='ocrx_word' id='word_1_119' title='bbox 222 2936 378 3021; x_wconf 76' lang='lat' dir='ltr'><strong>Spirilum</strong></span> <span class='ocrx_word' id='word_1_120' title='bbox 403 2935 516 3001; x_wconf 75' lang='lat' dir='ltr'><strong>Graiae</strong></span> <span class='ocrx_word' id='word_1_121' title='bbox 538 2939 667 3000; x_wconf 76' lang='lat' dir='ltr'><strong>tenuem</strong></span> <span class='ocrx_word' id='word_1_122' title='bbox 690 2935 844 3000; x_wconf 79' lang='lat' dir='ltr'><strong>Camenae</strong></span> 
     </span>
    </p>

    <p class='ocr_par' dir='ltr' id='par_1_21' title="bbox 220 3023 934 3197">
     <span class='ocr_line' id='line_1_28' title="bbox 220 3023 934 3108; baseline 0.003 -20"><span class='ocrx_word' id='word_1_123' title='bbox 220 3025 321 3089; x_wconf 82' lang='lat' dir='ltr'><strong>Parca</strong></span> <span class='ocrx_word' id='word_1_124' title='bbox 342 3046 407 3089; x_wconf 91' lang='lat' dir='ltr'><strong>non</strong></span> <span class='ocrx_word' id='word_1_125' title='bbox 429 3024 564 3087; x_wconf 85' lang='lat' dir='ltr'><strong>mendax</strong></span> <span class='ocrx_word' id='word_1_126' title='bbox 588 3025 675 3089; x_wconf 72' lang='lat' dir='ltr'><strong>dedit</strong></span> <span class='ocrx_word' id='word_1_127' title='bbox 698 3029 730 3089; x_wconf 76' lang='lat' dir='ltr'><strong>el</strong></span> <span class='ocrx_word' id='word_1_128' title='bbox 753 3023 934 3108; x_wconf 87' lang='lat' dir='ltr'><strong>malignum</strong></span> 
     </span>
     <span class='ocr_line' id='line_1_29' title="bbox 267 3111 566 3197; baseline -0.003 -20"><span class='ocrx_word' id='word_1_129' title='bbox 267 3112 421 3196; x_wconf 86' lang='lat' dir='ltr'><strong>Spernere</strong></span> <span class='ocrx_word' id='word_1_130' title='bbox 444 3111 566 3197; x_wconf 83' lang='lat' dir='ltr'><strong>volgus.</strong></span> 
     </span>
    </p>
   </div>
   <div class='ocr_carea' id='block_1_14' title="bbox 0 0 1190 4028">
    <p class='ocr_par' dir='ltr' id='par_1_22' title="bbox 0 0 1190 4028">
     <span class='ocr_line' id='line_1_30' title="bbox 0 0 1190 4028; baseline 0 0"><span class='ocrx_word' id='word_1_131' title='bbox 0 0 1190 4028; x_wconf 95' lang='lat' dir='ltr'><strong> </strong></span> 
     </span>
    </p>
   </div>
  </div>
 </body>
</html>
