2370 4028
139 215 204 279 226
513 214 771 270 EPISTVLARVM

122 359 274 429 ,Dictitet
296 356 423 422 Albano
445 356 556 422 Musas
578 357 613 422 in
635 360 744 421 monte
765 357 899 423 locutas.

140 446 189 531 Si,
212 446 287 531 quia
310 445 480 510 Graiorum
503 450 579 510 sunt
601 445 826 529 antiquissima
848 467 990 530 quaeque

141 534 267 619 Scripta
289 534 340 599 vel
363 534 497 617 optima,
518 532 657 597 Romani
678 537 855 618 pensantur
878 534 985 598 eadem

88 641 122 689 30
141 622 319 708 Scriptores
342 622 478 704 trutina,
501 643 566 686 non
589 625 638 686 est
660 621 747 705 quod
768 622 872 685 multa
893 621 1055 706 loquamur:

139 711 197 778 Nil
220 712 338 776 intrast
360 709 443 793 olea,
464 708 512 772 nil
534 713 656 774 extrast
677 709 712 772 in
734 730 816 774 nuce
839 709 924 795 duri3

139 799 295 865 Venimus
319 798 359 862 ad
382 819 543 862 summum
565 797 725 880 fortunae,
747 797 913 882 pingimus
936 802 1027 882 atque

139 886 311 951 Psallimus
335 889 367 950 et
388 885 549 950 luctamur
568 883 703 950 Achivis
726 885 851 950 doctius
874 887 987 951 unctis

141 974 176 1039 Si
198 975 331 1039 meliora
353 973 434 1056 dies,
456 973 602 1056 utrina,
624 976 774 1056 poemata
794 973 915 1059 reddit,

88 1079 120 1127 35
141 1062 228 1127 Scire
250 1062 360 1144 velim,
383 1060 502 1126 chartis
524 1060 664 1144 pretium
687 1065 806 1144 quotus
828 1065 958 1147 arroget
978 1082 1066 1126 annus

141 1150 285 1235 Scriptor
308 1149 424 1213 abhinc
447 1163 547 1213 annos
570 1153 698 1213 centum
721 1149 776 1233 qui
799 1148 932 1234 decidit,
954 1150 1031 1214 inter

138 1239 302 1304 Perfectos
325 1241 511 1320 veteresque
534 1237 645 1301 referri
668 1236 763 1301 debet
785 1259 826 1302 an
848 1238 935 1303 inter

139 1326 230 1391 Viles
254 1330 349 1409 atque
371 1323 493 1390 novos?
533 1324 693 1391 Excludat
714 1325 820 1410 iurgia
841 1326 931 1391 finis!

140 1415 213 1479 ‘Est
234 1417 327 1479 vetus
350 1417 446 1497 atque
468 1413 601 1497 probus,
624 1416 752 1484 centum
776 1414 832 1496 qui
852 1414 980 1498 perficit
1000 1410 1089 1478 amos'

87 1519 121 1566 40
141 1502 246 1581 Quid?
270 1501 326 1586 qui
349 1500 484 1585 deperiit
505 1501 610 1565 minor
631 1523 695 1566 uno
719 1523 827 1566 mense
848 1501 903 1568 rel
925 1524 1018 1586 anno,

139 1590 229 1655 Inter
251 1611 331 1675 quos
353 1588 536 1655 referendus
560 1589 641 1654 erit?
663 1594 827 1655 veteresne
849 1591 1037 1676 probosque,

138 1677 192 1743 An
216 1700 296 1762 quos
320 1681 353 1742 et
373 1698 523 1761 praesens
546 1681 578 1741 et
599 1681 727 1761 postera
748 1681 880 1761 respuat
903 1679 1009 1744 aetas?

140 1766 217 1831 ‘Iste
240 1766 369 1850 quidem
392 1769 515 1830 veteres
537 1765 622 1829 inter
643 1769 779 1849 ponetur
801 1765 951 1852 honeste,

140 1854 203 1932 Qui
225 1854 277 1919 vel
298 1875 407 1918 mense
429 1853 519 1918 brevi
541 1852 593 1918 vel
615 1857 717 1918 totost
738 1854 845 1919 iunior
866 1855 973 1921 anno?
1075 1913 1078 1918 .

87 1959 120 2007 45
139 1943 223 2008 Vtor
244 1942 415 2027 permisso,
438 1941 618 2025 caudaeque
639 1941 723 2025 pilos
745 1946 783 2007 ut
804 1943 939 2026 equinae

139 2031 298 2096 Paulatim
321 2030 418 2114 vello,
441 2034 474 2094 et
496 2029 588 2094 demo
611 2051 724 2113 unum,
747 2030 839 2095 demo
861 2032 961 2096 etiam
982 2051 1074 2113 unum,

138 2120 225 2184 Dum
248 2118 341 2183 cadat
364 2117 471 2184 elusus
494 2117 617 2182 ratione
640 2118 762 2182 ruentis
785 2119 904 2204 acervi,

140 2207 203 2283 Qui
224 2206 308 2271 redit
330 2207 364 2270 in
385 2206 487 2270 fastos
510 2209 542 2270 et
564 2206 717 2271 virtutem
740 2206 888 2272 aestimat
911 2208 1001 2273 aunis

138 2295 338 2378 Miraturque
361 2292 444 2357 nihil
465 2293 528 2358 nisi
552 2294 637 2377 quod
658 2292 802 2359 Libitina
823 2296 970 2361 sacravit.

87 2399 120 2447 50
138 2383 278 2465 Ennius,
300 2385 333 2446 et
355 2382 481 2466 sapiens
505 2384 537 2445 et
558 2381 652 2446 fortis
675 2385 708 2446 et
730 2382 810 2448 alter
831 2381 1007 2468 Homerus,

139 2469 185 2535 Vt
208 2470 312 2535 critici
335 2470 458 2553 dicunt,
480 2469 594 2534 leviter
616 2491 725 2535 curare
747 2471 888 2555 videtur,

140 2557 210 2633 Quo
232 2559 391 2642 promissa
413 2557 527 2622 cadant
549 2562 582 2622 et
604 2559 728 2630 somnia
748 2557 961 2644 Pythagorea.

138 2645 279 2711 Naevius
302 2647 337 2711 in
359 2645 507 2711 manibus
530 2666 595 2710 non
617 2649 666 2711 est
689 2650 721 2710 et
742 2647 904 2712 mentibus
926 2647 1032 2712 haeret

139 2734 243 2799 Paene
266 2734 396 2799 recens?
421 2734 498 2798 adeo
522 2737 699 2798 sanctumst
721 2738 813 2800 vetus
836 2757 931 2801 omne
953 2756 1063 2820 poema

88 2838 120 2886 55
139 2821 326 2907 Ambigitur
349 2822 510 2906 quotiens,
532 2826 605 2887 uter
626 2825 699 2886 utro
722 2822 766 2887 sit
787 2822 888 2907 prior,
911 2824 1016 2890 aufert

138 2909 296 2975 Pacuvius
320 2910 406 2975 docti
428 2910 546 2975 famam
570 2910 668 2993 senis,
689 2908 807 2974 Accius
830 2910 902 2995 alti,

138 2997 266 3061 Dicitur
287 2996 403 3062 Afrani
425 3003 502 3082 toga
524 2997 709 3062 convenisse
730 2997 919 3083 Menandro,

139 3085 273 3150 Plautus
296 3086 336 3150 ad
359 3086 520 3170 exemplar
543 3083 643 3150 Siculi
664 3107 833 3169 properare
855 3086 1049 3171 Epicharmi,

139 3172 275 3238 Vincere
298 3173 454 3239 Caecilius
477 3175 647 3259 gravitate,
669 3172 837 3240 Terentius
861 3179 938 3241 arte.

87 3279 120 3325 00
138 3260 208 3326 Hos
232 3261 345 3326 ediscit
368 3266 400 3326 et
421 3261 482 3328 hos
506 3265 574 3326 arto
598 3262 717 3345 stipata
738 3262 864 3327 theatro

141 3347 272 3433 Spectat
293 3348 397 3414 Roma
418 3355 546 3434 potens,
567 3349 666 3414 habet
686 3349 747 3415 hos
769 3355 980 3436 numeratque
1000 3353 1093 3438 poetas

138 3435 191 3501 Ad
212 3440 360 3500 nostrum
382 3442 509 3523 tempus
530 3437 604 3503 Livi
626 3438 791 3522 scriptoris
814 3439 855 3503 ab
878 3462 964 3505 aevo

138 3523 304 3589 Interdum
326 3524 442 3610 volgus
465 3530 588 3592 rectum
609 3526 710 3612 videt3
732 3532 781 3592 est
803 3527 860 3593 ubi
881 3532 1000 3612 peccat.
