2370 4028
407 157 516 213 LIBER
532 158 567 213 Π·
629 101 631 106 v
687 155 689 160 ⁸
927 162 992 228 249

73 302 176 366 nescit
197 322 309 365 versus
331 304 439 366 tamen
462 303 557 367 audet
578 302 721 387 fingere?
762 302 901 379 Quidni?

73 412 84 454 r
106 392 139 454 et
160 389 332 475 ingenuus,
354 389 541 472 praesertim
565 412 678 455 census
701 395 881 476 equestrem

73 500 152 542 marn
174 498 379 541 nummorum
401 477 544 561 vitioque
566 482 708 543 remotus
731 480 770 544 ab
795 481 891 544 omni.

73 565 141 630 [ihil
163 565 264 629 invita
286 565 371 630 dices
393 565 530 630 faciesve
551 566 708 652 Minerra3
1008 585 1060 635 385

73 654 108 718 bi
130 654 329 737 iudiciumst,
352 675 388 718 ea
410 674 513 739 mens3
536 655 642 739 siquid
664 658 772 720 tamen
795 656 872 720 olim

73 742 172 826 seris,
194 742 228 805 in
250 741 353 805 Maeci
376 741 545 806 descendat
566 742 681 808 iudicis
703 765 795 809 aures

75 830 152 894 atris
176 833 209 893 et
230 833 356 894 nostras
379 851 563 913 nonumque
584 835 749 913 prematur
771 832 805 896 in
828 854 947 898 annum

72 918 180 983 branis
203 917 291 981 intus
312 917 442 1002 positis;
465 918 568 983 delere
591 919 714 1003 licebit,

73 1007 166 1070 [non
188 1004 337 1090 edideris3
360 1006 462 1070 nescit
484 1026 548 1071 vox
570 1007 669 1072 missa
689 1008 816 1072 reverti.
1006 1025 1058 1074 aco

73 1097 155 1159 stres
176 1092 323 1158 homines
346 1114 435 1157 sacer
456 1094 676 1178 interpresque
699 1095 830 1160 deorum

73 1182 142 1247 ibus
166 1185 198 1246 et
220 1181 308 1246 victu
329 1180 423 1246 foedo
447 1181 601 1246 detenuit
623 1180 779 1267 Orpheus.

73 1293 98 1334 rs
123 1270 163 1335 ob
186 1268 248 1334 hoc
269 1268 368 1334 lenire
391 1269 491 1354 tigres
514 1270 705 1354 rabidosque
726 1271 847 1356 leones,

73 1381 98 1423 rs
122 1361 155 1423 et
175 1356 353 1441 Amphion,
375 1357 544 1422 Thebanae
567 1359 713 1423 conditor
734 1360 838 1444 urbis,

90 1467 218 1511 movere
241 1466 320 1510 sono
342 1446 513 1510 testudinis
536 1449 569 1510 et
590 1468 683 1529 prece
706 1446 823 1511 blanda

73 1557 121 1619 re,
145 1555 208 1618 quo
230 1533 335 1598 vellet.
375 1533 452 1598 Fuit
473 1533 552 1598 haec
574 1534 731 1618 sapientia
753 1536 914 1619 quondam

73 1623 118 1687 ica
139 1621 273 1706 privatis
297 1643 471 1706 secernere,
494 1643 584 1686 sacra
604 1621 760 1706 profanis,

73 1711 164 1774 ubitu
186 1708 355 1793 prohibere
377 1730 473 1794 vag0,
496 1710 570 1775 dare
592 1710 663 1774 iura
684 1711 823 1795 maritis,

73 1799 111 1863 da
131 1798 251 1881 moliri,
273 1797 360 1883 leges
383 1797 522 1862 incidere
544 1797 642 1881 ligno.

73 1907 163 1950 ronor
184 1889 217 1951 et
238 1907 355 1950 nomen
378 1885 494 1950 divinis
516 1886 644 1950 vatibus
668 1889 763 1970 atque

73 1975 186 2039 sinibus
209 1974 304 2038 venit.
345 1972 425 2037 Post
445 1973 505 2039 hos
528 1974 664 2058 insignis
686 1973 846 2039 Homerus

73 2084 202 2146 reusque
224 2083 328 2125 mares
351 2062 474 2127 animos
497 2062 531 2125 in
553 2059 671 2127 Martia
692 2062 777 2126 bella

73 2151 139 2214 ibus
162 2150 299 2234 exacuit,
323 2149 425 2214 dictae
440 2146 512 2238 ⁴per
527 2150 668 2214 carmina
690 2153 805 2235 sortes,

73 2239 134 2302 itae
156 2241 334 2302 monstrata
354 2237 451 2322 uiast,
474 2241 507 2301 et
529 2238 633 2323 gratia
654 2259 767 2323 regum

73 2327 98 2390 is
120 2329 277 2409 temptata
298 2326 416 2408 modis,
437 2324 595 2409 ludusque
617 2330 763 2410 repertus

72 2414 483 2584 {statutis
501 2413 814 2586 ierii‘iipiiiia

72 2613 107 2654 ra
128 2592 220 2655 fieret
240 2589 400 2654 laudabile
422 2611 550 2654 carmen
572 2611 612 2653 an
635 2592 716 2674 arte,

73 2679 214 2743 situmst:
238 2698 297 2763 ego
320 2699 378 2742 nec
400 2677 543 2742 studium
565 2678 634 2742 sine
657 2677 756 2742 divite
777 2700 858 2743 vena

73 2767 150 2831 rude
174 2766 251 2850 quid
272 2765 376 2849 possit
397 2765 490 2831 rideo
513 2766 691 2851 ingenium:
714 2766 846 2832 alterius
869 2767 915 2831 sic
1001 2783 1053 2831 410

73 2877 94 2919 a
115 2854 221 2938 poscit
243 2875 336 2937 opem
358 2875 409 2918 res
432 2857 465 2918 et
487 2855 633 2918 coniurat
655 2855 762 2919 amice.

73 2943 175 3008 studet
197 2945 339 3026 optatam
363 2963 457 3006 cursu
480 2941 663 3027 contingere
684 2946 816 3025 metam,

73 3053 86 3095 a
107 3031 183 3095 tulit
204 3030 344 3114 fecitque
366 3051 458 3113 puer,
481 3030 608 3094 sudavit
630 3033 663 3094 et
685 3030 773 3113 alsit,

73 3119 150 3184 inuit
171 3139 284 3183 venere
307 3121 340 3182 et
362 3118 450 3201 vin03
474 3118 529 3201 qui
550 3117 669 3201 Pythia
692 3120 799 3182 cantat

72 3229 125 3291 en,
148 3207 260 3271 didicit
281 3206 371 3289 prius
394 3205 605 3290 extimuitque
627 3206 825 3291 magistrum.

73 3296 151 3360 satis
174 3299 223 3360 est
245 3294 363 3359 dixisse
386 3294 458 3378 ‘ego
480 3293 562 3357 mira
583 3297 731 3377 poemata
753 3314 871 3378 pang03

73 3388 122 3469 pet
144 3388 322 3448 extremum
345 3381 479 3466 scabies,
501 3381 582 3447 mihi
605 3385 698 3465 turpe
720 3381 890 3465 relinquist

73 3472 132 3538 uod
154 3492 219 3536 non
241 3471 338 3534 didici
361 3492 436 3535 sano
458 3469 580 3534 nescire
602 3468 717 3534 fateri?
