2370 4028
88 228 129 293 82
494 228 691 283 crannum
897 232 1011 305 [xxm

221 370 284 437 Seu
308 370 427 436 Graeco
451 372 562 436 iubeas
584 370 712 456 troch0,

265 458 328 524 Seu
350 459 443 523 malis
466 461 568 524 vetita
588 460 715 544 legibus
740 461 831 547 alea,

221 547 301 612 Cum
324 548 452 631 periura
473 549 574 632 patris
597 548 676 612 fides

89 652 122 701 60
266 635 454 701 Consortem
477 637 600 700 socium
622 636 714 701 fallat
738 641 772 702 et
796 637 966 725 hospitem

219 774 419 860 Indignoque
442 777 610 860 pecuniam

263 863 384 930 Heredi
406 869 564 948 properet.
607 863 736 930 Scilicet
759 865 924 951 inprobae

222 951 375 1017 Crescunt
398 953 542 1037 divitiae3
565 956 672 1017 tamen

266 1040 381 1106 Curtae
403 1042 510 1105 nescio
535 1041 612 1124 quid
634 1062 760 1125 semper
783 1042 881 1110 abest
902 1045 956 1110 rei

512 1263 671 1272 ...—

543 1426 644 1492 XXV.

165 1552 234 1628 Quo
257 1573 322 1634 me,
344 1549 481 1634 Bacche,
504 1551 590 1634 rapis
613 1551 662 1614 tui

208 1639 364 1703 Plenum?
393 1638 480 1713 Quae
498 1661 629 1703 nemora
647 1643 702 1703 aut
720 1660 802 1723 quos
821 1663 902 1728 agor
919 1643 951 1707 in
966 1661 1012 1726 spu

164 1727 269 1792 Velox
291 1731 397 1790 mente
419 1726 523 1791 nova?
565 1727 687 1802 Quibus

208 1815 321 1879 Antris
345 1815 466 1899 egregii
490 1813 631 1879 Caesaris
656 1815 766 1879 audiar

108 1973 123 2020 5
164 1955 340 2021 Aeternum
362 1954 519 2018 meditans
543 1955 637 2019 decus

210 2042 320 2109 Stellis
343 2044 482 2108 inserere
506 2047 537 2106 et
560 2043 693 2109 consilio
715 2043 825 2110 Iovis?

163 2132 276 2196 Dicam
300 2131 439 2216 insigne,
461 2153 583 2215 recenS,
607 2132 710 2197 adhuc

207 2219 368 2284 Indicium
392 2241 445 2283 ore
469 2219 539 2283 alic.
580 2219 655 2284 Non
678 2241 769 2286 secus
793 2221 828 2286 in
851 2223 935 2310 iugis

163 2360 286 2424 Edonis
309 2365 417 2444 stupet
439 2360 576 2443 Euhias,

90 2465 123 2514 10
207 2448 352 2513 Hebrum
374 2449 570 2533 prospiciens
594 2453 626 2512 et
648 2449 721 2513 nive
744 2450 913 2516 candidam

163 2537 307 2602 Thracen
330 2559 367 2601 ac
388 2537 467 2621 pede
490 2536 625 2600 barbaro

207 2625 391 2690 Lustratum
414 2624 605 2709 Rhodopen,
628 2628 664 2688 ut
686 2623 767 2688 mihi
790 2625 883 2692 devio

162 2765 262 2847 Ripas
286 2769 318 2828 et
339 2786 475 2830 vacuum
498 2787 610 2829 nemus

207 2853 318 2917 Mirari
340 2852 428 2916 libet.
470 2851 496 2917 Ο
519 2852 679 2918 Naiadum
701 2857 815 2937 potens

89 2958 122 3006 15
162 2941 423 3025 Baccharumque
446 2941 621 3005 valentium

207 3028 359 3093 Proceras
382 3028 529 3092 manibus
552 3034 674 3093 vertere
696 3029 854 3112 fraxinos,

162 3169 220 3236 Nil
242 3191 376 3253 parvum
400 3174 455 3233 aut
477 3169 593 3233 humili
615 3170 722 3253 modo,

206 3257 264 3323 Nil
286 3257 420 3322 mortale
443 3258 564 3341 loquar.
605 3256 706 3322 Dulce
729 3258 958 3348 periculumst,

118 3427 119 3430 Ἴ
164 3345 350 3429 OLenaee,
373 3347 463 3430 sequi
486 3346 579 3410 deum

89 3451 123 3500 20
209 3433 396 3519 Cingentem
419 3435 514 3499 viridi
537 3439 682 3518 tempora
703 3435 865 3518 pampino
