2370 4028
89 198 152 253 XIV
450 197 733 265 PROLEGOMENA.

89 348 250 422 lyricorum
269 347 332 406 eius
351 350 445 406 artem
463 347 523 406 iam
538 345 655 406 Claudii
674 366 708 405 ac
721 347 848 406 Neronis
862 348 961 406 aetate
974 366 1096 423 prorsus

88 456 125 494 ex
134 436 243 512 peritia
252 435 405 494 hominum
415 436 570 494 evanuisse
580 436 651 493 olim
661 436 850 511 comprobavi
860 432 1096 512 [d.r.m.88sq.].

178 523 237 583 Sed
267 527 303 582 ut
333 524 450 600 reliqua
481 525 542 582 iam
576 542 751 599 persequar,
787 524 996 599 inscriptiones
1034 543 1095 582 car-

89 613 204 671 minum
227 631 280 671 cur
303 612 463 687 omiserim,
486 615 522 670 ut
543 611 709 671 Meinekius
732 614 762 670 et
785 612 849 687 alii,
875 612 925 670 vix
947 615 993 671 est
1016 613 1097 687 quod

89 701 239 759 disseram.
285 699 396 758 Tamen
423 700 500 758 illud
526 702 574 758 sat
600 703 718 759 constat
745 718 794 758 cas
821 718 930 777 magna
953 704 1096 776 exparte

89 806 149 847 non
171 808 226 865 per
247 787 378 846 medium
401 806 515 863 aeriam,
539 787 590 846 sed
612 788 726 846 ultimis
748 787 866 863 imperii
884 789 1010 846 Romani
1033 807 1095 847 sae-

89 876 164 934 culis
184 895 246 935 esse
265 878 355 951 ortas,
373 895 463 934 neca
485 875 622 951 librariis,
641 876 693 935 sed
711 876 942 953 agrammaticis
956 876 1095 935 adiectas

90 963 229 1023 Ceterum
252 965 498 1039 qualemcumque
527 963 666 1023 ducentes
694 964 839 1041 originem
860 964 1019 1022 relictmus
1042 965 1095 1039 fui,

91 1053 117 1110 si
139 1054 271 1111 facerent
293 1052 332 1110 ad
353 1052 510 1111 lectionem
527 1052 696 1110 iuvandam.
738 1050 797 1111 Sed
819 1053 907 1111 aliter
928 1071 975 1111 res
997 1052 1095 1128 habet,

89 1160 158 1198 cum
184 1140 353 1199 scholastici
379 1140 423 1200 illi
455 1141 566 1215 primos
597 1140 786 1216 potissimum
816 1159 919 1199 versus
950 1139 1095 1218 fingendis

89 1229 188 1287 titulis
211 1228 413 1304 adhibuerint,
438 1229 596 1303 interdum,
618 1231 654 1287 nt
677 1246 700 1287 c.
719 1228 758 1304 H,
778 1229 805 1304 8,
828 1247 888 1287 non
911 1229 974 1287 sine
997 1248 1094 1288 errore

89 1316 228 1392 ridiculo,
252 1319 288 1374 ut
309 1319 418 1392 tamen,
441 1316 467 1375 si
489 1336 524 1374 cx
547 1317 606 1374 illis
628 1317 713 1375 nulla
735 1319 836 1391 posset
858 1316 925 1375 clici
947 1318 1095 1375 sententia

88 1404 219 1463 breviter
248 1405 433 1480 explicanda,
465 1404 562 1462 media
590 1405 681 1463 etiam
708 1406 738 1463 et
764 1423 880 1462 summa
906 1405 1093 1479 respicerent.

88 1492 210 1551 Fefellit
232 1510 267 1550 ea
288 1510 336 1552 res
359 1492 520 1567 aliquando
542 1491 720 1550 Bentleium.

176 1579 335 1639 Praeterea
365 1579 514 1639 notandus
545 1581 638 1639 mirus
668 1580 790 1656 quidam
817 1599 899 1638 amor
926 1583 956 1638 et
982 1600 1093 1656 pravus

90 1668 263 1744 eorundem,
291 1686 350 1743 quo
377 1669 490 1744 inpulsi
516 1668 669 1728 studerent
691 1670 795 1744 poetas
818 1669 914 1727 facere
936 1687 1093 1744 personam

89 1757 152 1816 sive
174 1776 238 1815 rem
260 1775 478 1832 quamcumque
501 1756 702 1832 adloquentes.

177 1844 282 1903 Veluti
304 1863 327 1902 c.
349 1843 404 1920 111,
425 1845 443 1903 5
464 1844 526 1902 cdd.
553 1845 665 1904 habent
691 1845 780 1903 multi
807 1845 1030 1920 inscriptionem
1053 1848 1093 1905 cd

89 1934 190 1992 dicam
206 1930 381 2006 Aapastusm,
403 1933 531 2008 petitam
553 1952 569 1990 1
587 1952 614 1991 v.
630 1935 712 2007 2sq,
734 1933 807 1991 item
825 1933 876 2008 IV,
892 1935 911 1990 4
936 1934 975 1991 od
992 1935 1093 1993 arbem

89 2021 214 2079 Romam
245 2021 309 2079 siva
339 2021 517 2089 Romanam,
554 2020 675 2079 ductam
707 2040 742 2079 ex
772 2020 825 2078 illo
859 2017 899 2098 (1.
921 2017 990 2098 37)1
1023 2024 1093 2095 qaid

90 2111 201 2177 debeas,
225 2125 241 2166 o
263 2109 367 2182 Romo,
389 2109 562 2167 Neronibus.
608 2107 686 2176 Quid
709 2109 790 2184 quod
811 2108 850 2184 11,
871 2110 911 2167 18
935 2109 966 2166 in
988 2110 1092 2168 multis

90 2197 202 2275 legitur
223 2195 306 2254 libris
328 2196 437 2254 titulus
459 2196 519 2254 hic:
543 2198 582 2255 col
605 2198 731 2256 aarum?

179 2283 291 2352 Quodsi
308 2284 340 2341 in
357 2284 525 2343 nominibus
543 2303 745 2359 personarum,
768 2284 807 2343 ad
830 2303 904 2360 quas
928 2284 999 2344 data
1021 2290 1091 2345 sunt

90 2372 230 2447 carmina,
249 2370 463 2447 perscribendis
483 2372 629 2447 quaedam
647 2376 834 2432 accesserunt
849 2372 1091 2448 inscriptionibus

91 2481 127 2519 ex
153 2460 272 2519 scholiis
294 2459 481 2534 Horatianis,
509 2463 610 2518 tamen
631 2461 707 2519 talia
728 2461 829 2536 potius
852 2461 1102 2537 interpretationi

91 2551 163 2608 sunt
186 2548 331 2607 servanda
354 2551 408 2606 aut
430 2548 462 2605 in
484 2548 599 2607 Indices
621 2549 783 2608 referenda.

178 2636 215 2694 In
238 2638 388 2711 apparatu
410 2636 511 2695 critico
533 2637 675 2712 pleraque
699 2637 820 2711 omissa,
844 2655 921 2712 quae
945 2637 983 2695 ad
1008 2657 1090 2711 enar-

90 2724 186 2783 randa
216 2725 318 2800 potius
348 2742 440 2799 quam
471 2724 510 2782 ad
540 2725 723 2783 emendanda
753 2724 872 2783 Horatii
903 2726 992 2784 verba
1024 2745 1090 2784 cum

90 2813 286 2888 pertinerent,
318 2811 497 2870 videbantur
528 2813 635 2871 melius
666 2831 752 2888 posse
778 2813 874 2888 repeti
901 2833 936 2871 ex
962 2813 1090 2873 editione

90 2899 313 2959 Vindobonensi
336 2902 366 2958 et
389 2919 425 2958 ex
445 2900 507 2976 illa,
532 2900 727 2975 quambrevi
749 2900 935 2977 prodituram
956 2901 988 2958 in
1010 2901 1090 2976 prin·

91 2989 168 3064 cipio
194 2988 284 3046 huius
311 2987 405 3046 libelli
432 3007 498 3048 sum
524 2989 684 3064 pollicitus
720 2989 825 3064 Neque
853 2988 952 3046 omnia
977 2991 1090 3064 notata,

91 3077 143 3134 ubi
169 3075 316 3135 mutanda
342 3076 494 3135 videretur
516 3076 638 3135 traditio
665 3077 821 3151 librorum,
849 3075 900 3134 scd
928 3077 1090 3151 potissima.

90 3165 189 3241 Igitur
219 3164 305 3239 plene
339 3164 391 3238 qui
417 3165 546 3224 voluerit
572 3164 749 3240 perdiscere,
783 3164 901 3240 qualem
927 3166 1092 3223 carminum

90 3253 324 3320 Horatianorum
351 3251 478 3327 speciem
505 3253 603 3311 animo
630 3253 887 3312 informaverimus
917 3258 1031 3330 nostro,
1064 3255 1091 3313 11

91 3343 179 3399 erunt
201 3339 417 3416 pervolvendae
440 3339 592 3417 editioneS,
616 3360 690 3417 quas
713 3359 805 3417 supra
826 3341 963 3400 indicavi.

177 3427 249 3486 Loci
267 3428 398 3504 suspecti
417 3447 476 3503 quo
495 3429 612 3488 facilius
631 3434 869 3506 agnoscerentur,
893 3429 976 3490 obelo
995 3432 1091 3489 notati

90 3517 273 3592 plerumque.
