2370 4028
45 243 53 315 1

272 243 469 299 CARMINVM
486 244 596 298 LIBER
613 244 660 299 111.
925 243 969 308 55

90 387 334 451 Desiderantem
358 387 444 471 quod
466 386 616 451 satis-est
639 409 742 471 neque
935 403 969 452 25

91 475 340 540 Tumultuosum
363 474 517 539 sollieitat
538 497 625 539 mare

135 562 204 628 Nee
227 585 340 628 saevus
362 561 494 627 Arcturi
517 563 658 627 eadentis

205 650 349 735 Impetus
373 655 429 715 aut
452 651 584 715 orientis
607 650 724 736 Haedi,

91 799 166 865 Non
188 799 371 863 verberatae
395 800 548 884 grandine
571 800 682 865 vineae

91 887 287 970 Fundusque
308 888 459 972 mendax,
483 889 594 952 arbore
617 910 703 952 nuno
726 910 824 973 aquas
934 933 941 950 .

137 975 306 1058 culpante,
329 997 414 1040 nune
436 977 592 1040 torrentia
615 997 709 1061 agros

181 1061 305 1147 Sidera,
328 1085 413 1128 nune
435 1063 556 1128 hiemes
579 1064 716 1148 iniquas.

93 1212 280 1298 [Contracta
302 1212 406 1295 pisces
429 1235 567 1297 aequora
589 1214 734 1279 sentiunt

92 1300 188 1366 Iaetis
211 1301 245 1364 in
269 1300 371 1364 altum
393 1301 545 1366 molibus:
567 1300 631 1366 hue
653 1302 804 1387 frequens

137 1389 309 1454 anmente
331 1389 472 1453 demittit
494 1390 676 1474 redemptor
934 1406 968 1455 35

182 1476 263 1541 (lum
284 1477 414 1541 famulis
438 1477 649 1562 dominusque
672 1482 775 1544 terrae

91 1625 300 1691 Fastidiosus.
343 1622 406 1689 Sed
428 1625 538 1689 Timor
561 1629 594 1689 et
616 1624 723 1690 Minae

93 1713 257 1780 Scandunt
280 1714 404 1797 eodem,
428 1734 491 1797 quo
515 1713 676 1799 dominus,
699 1735 802 1799 neque

135 1802 270 1867 Deeedit
293 1805 401 1866 aerata
423 1801 547 1865 triremi
570 1805 603 1865 et
922 1839 927 1851 ι

180 1890 260 1954 Post
283 1890 425 1974 equitem
448 1890 537 1953 sedet
561 1892 630 1954 atra
654 1888 759 1974 Oura]
933 1907 969 1956 40

93 2038 215 2116 Quodsi
238 2038 398 2103 dolentem
421 2060 479 2103 nee
501 2037 664 2123 Phrygius
686 2039 768 2123 lapis

91 2127 161 2194 Nee
183 2149 398 2211 purpurarum
422 2127 524 2191 sidere
547 2127 662 2191 elarior

136 2215 266 2279 Delenit
288 2237 365 2279 usus
388 2237 446 2279 nee
467 2214 603 2278 Falerna

180 2303 268 2368 Vitis
290 2301 604 2387 Achaemeniumque
626 2307 764 2369 eostum:

94 2451 158 2516 Gur
180 2453 360 2517 invidendis
382 2452 531 2536 postibus
554 2455 586 2515 et
608 2474 690 2517 novo

94 2540 237 2607 Sublime
260 2541 327 2604 ritu
349 2541 464 2605 moliar
486 2540 625 2604 atrium?

139 2627 203 2692 Gur
224 2628 307 2692 valle
330 2632 508 2712 permutem
532 2627 651 2693 Sabina

180 2716 319 2781 Diuitias
344 2717 564 2800 operosiores‘?

386 2964 545 2974 ——-.

446 3164 486 3230 Π.

117 3287 300 3374 Angustam
324 3289 424 3353 amioe
447 3288 631 3372 pauperiem
653 3290 722 3373 pati

117 3377 284 3442 Robustus
307 3378 373 3442 aeri
396 3376 514 3440 militia
536 3397 616 3460 puer

164 3464 334 3529 Oondiseat
358 3469 390 3529 et
412 3463 550 3529 Parthos
573 3465 694 3531 feroees

205 3551 311 3618 Vexet
334 3575 431 3637 eques
454 3553 644 3618 metuendus
667 3553 774 3638 hasta,
