2370 4028
408 221 517 275 LIBER
534 222 581 276 111.
680 258 683 262 ι

150 364 311 450 Inpudens
334 366 415 450 liqui
438 365 559 448 patrios
582 364 733 450 Penates,

150 453 312 537 Inpudens
335 476 444 519 orcum
467 475 583 518 moror.
626 451 653 518 0
677 454 808 519 deorum

152 541 260 626 Siquis
282 542 361 607 haec
385 542 488 626 audis,
512 542 636 606 utinam
658 542 742 607 inter
765 564 867 607 errem

193 630 290 696 Nuda
311 630 432 695 leones!

150 797 333 882 Antequam
356 798 460 881 turpis
483 797 601 862 macies
624 797 771 862 decentes

152 884 294 969 Occupet
316 885 417 950 malas
440 890 630 969 teneraeque
653 907 748 950 sucus
846 921 854 935 ·

151 974 281 1039 Defluat
303 974 451 1058 praedae,
474 974 618 1058 speciosa
641 995 758 1058 quaero

194 1062 328 1127 Pascere
350 1063 459 1148 tigres.

151 1228 235 1293 Vilis
257 1229 401 1313 Europe,
423 1232 514 1313 pater
536 1234 653 1314 urguet
675 1229 803 1294 absens:

151 1317 236 1393 Quid
258 1318 341 1382 mori
364 1316 489 1382 cessas?
530 1316 627 1382 Potes
649 1317 710 1382 hac
732 1319 772 1382 ab
797 1338 875 1382 orno

149 1405 329 1471 Pendulum
352 1427 432 1470 aona
453 1404 534 1470 bene
556 1410 590 1470 te
612 1410 722 1470 secuta

193 1493 333 1558 Laedere
356 1493 482 1558 collum.

152 1660 226 1726 Sive
248 1665 281 1726 te
303 1683 399 1745 rupes
423 1665 455 1726 et
478 1664 571 1737 acuta
592 1661 657 1725 leto

152 1749 236 1814 Saxa
258 1749 430 1833 delectant,
453 1770 512 1834 age
534 1752 567 1814 te
584 1748 742 1833 procellae

152 1837 251 1902 Crede
273 1837 389 1922 veloci,
412 1838 474 1901 nisi
498 1837 574 1902 erile
596 1837 698 1902 mavis

196 1924 332 2009 Carpere
354 1948 489 2010 pensum

150 2093 271 2178 Regius
294 2093 425 2178 sanguis
448 2094 658 2178 dominaeque
681 2095 764 2158 tradi

150 2181 310 2246 Barbarae
332 2180 465 2264 paelex?
505 2181 627 2246 Aderat
649 2182 795 2267 querenti

149 2270 312 2334 Perfidum
334 2269 441 2334 ridens
465 2268 574 2334 Venus
598 2274 630 2334 et
653 2271 786 2336 remisso

194 2357 297 2422 Filius
320 2378 403 2422 arcu.

150 2524 227 2589 Mox
250 2524 306 2589 ubi
328 2524 408 2588 lusit
431 2524 523 2610 satis,
547 2525 729 2590 ‘abstineto’

150 2613 243 2677 Dixit
265 2613 396 2677 ‘irarum
420 2611 602 2698 calidaeque
624 2615 726 2698 rixae,

151 2700 231 2766 Cum
254 2701 315 2765 tibi
338 2701 461 2765 invisus
483 2701 650 2766 laceranda
672 2702 783 2767 reddet

196 2788 323 2854 Cornua
344 2793 464 2852 taurus.

149 2956 241 3022 onr
262 2956 375 3021 invicti
397 2954 484 3020 Iovis
508 2978 576 3021 esse
599 2957 710 3022 nescia.

149 3044 245 3110 Mitte
268 3044 443 3129 singultus,
466 3045 547 3109 bene
570 3045 653 3111 ferre
675 3065 824 3130 magnam

149 3133 246 3198 Disce
268 3133 445 3217 fortunam3
467 3136 524 3197 tua
546 3138 652 3198 sectus
676 3133 763 3198 orbis

192 3220 334 3286 Nomina
356 3221 471 3286 ducet'
