2370 4028
90 182 151 250 38·
495 187 691 243 canunuvu

248 327 350 405 Quem
373 330 401 394 si
423 330 602 415 puellarum
625 318 785 398 insereres*
803 333 918 421 choro,

247 415 329 483 Mire
351 439 485 503 sagaees,
503 419 628 485 falleret
650 420 794 504 hospites

290 506 471 573 Discrimen
493 507 665 572 obscurum
688 509 803 574 solutis

335 593 484 660 Crinibus
508 596 722 682 ambiguoque
744 597 845 663 voltu.

511 818 670 828 ———

564 981 620 1048 VI.

198 1102 348 1188 Septimi,
372 1102 475 1168 Gades
499 1105 622 1170 aditure
644 1128 769 1170 mecum
792 1111 825 1171 et

199 1191 394 1257 Cantabrum
417 1193 581 1258 indoctum
604 1195 681 1279 iuga
702 1194 784 1260 ferre
806 1201 922 1261 nostra
944 1201 977 1262 et

197 1280 354 1344 Barbarae
378 1279 502 1365 Syrtes,
525 1281 581 1346 ubi
603 1280 716 1346 Maura
738 1304 865 1367 semper

244 1367 381 1432 Aestuat
402 1368 500 1453 unda,

103 1525 121 1573 5
198 1508 298 1572 Tibur
319 1507 427 1594 Argeo
449 1510 591 1592 positum
614 1510 727 1574 colono

198 1595 248 1662 Sit
269 1618 358 1662 meae
381 1597 470 1662 sedes
493 1598 617 1661 utinam
640 1601 797 1683 senectae,

198 1683 249 1749 Sit
270 1685 384 1749 modus
406 1685 491 1749 laeso
514 1687 612 1749 maris
635 1689 668 1750 et
689 1687 813 1750 viarum

245 1771 451 1856 Militiaeque.

197 1914 288 1978 Vnde
311 1913 339 1977 ei
361 1912 479 1978 Pareae
501 1913 674 1996 prohibent
696 1914 838 1999 iniquaess

88 2019 122 2068 ιο
197 2001 299 2066 Dulce
321 2000 441 2084 pellitis
464 2001 578 2066 ovibus
602 2000 727 2066 Galaesi

196 2089 332 2154 Flumen
355 2091 386 2152 et
408 2092 541 2173 regnata
562 2093 670 2174 petam
691 2090 811 2155 Laconi

244 2177 334 2242 Rura
355 2175 544 2242 Phalantho.

196 2317 256 2383 Ille
278 2321 435 2381 terrarum
457 2317 538 2381 mihi
559 2322 687 2403 praeter
709 2341 818 2383 omnes

196 2404 345 2491 Angulus
367 2405 465 2490 ridet,
487 2406 544 2470 ubi
566 2428 631 2472 non
652 2406 808 2490 Hymetto

89 2513 122 2562 15
193 2493 291 2559 Mella
313 2493 469 2559 decedunt
490 2494 649 2578 viridique
671 2499 772 2560 certat

244 2582 329 2647 Bana
350 2581 505 2667 Venafr03

198 2723 265 2789 Ver
286 2723 343 2788 ubi
364 2723 497 2807 longum
520 2722 707 2807 tepidasque
728 2724 860 2806 praebet

197 2809 344 2897 Iuppiter
365 2810 508 2894 brumas,
530 2814 563 2875 et
585 2812 720 2876 amictus
742 2809 850 2876 Aulon

196 2899 309 2965 Fertili
331 2898 457 2976 Baccho
481 2898 650 2964 minimum
671 2898 814 2963 Falernis

88 3006 122 3056 20
245 2986 372 3053 Invidet
392 2987 472 3052 uvis»

196 3127 256 3194 Ille
278 3131 311 3192 te
332 3149 458 3193 meeum
478 3128 568 3192 loeus
590 3131 624 3192 et
645 3126 755 3192 beatae

197 3214 367 3282 Postulant
390 3237 490 3302 arcem
512 3215 555 3280 ibi
580 3219 617 3281 tu
639 3215 794 3280 ualentem

197 3305 315 3370 Debita
337 3325 467 3389 sparges
489 3305 622 3369 lacrima
644 3303 786 3368 favillam

245 3391 338 3457 Vatis
360 3393 461 3457 amici.

574 3517 661 3526 ...η-.-
