2370 4028
141 229 203 294 162
534 228 758 283 SATVRARVM

139 372 338 456 Versiculos,
360 371 463 436 vetuit
484 393 536 435 me
559 371 618 435 tali
639 392 716 436 voce
740 369 907 455 Quirinus,

139 460 219 525 Post
241 460 378 525 mediam
401 462 527 523 noctem
550 460 652 543 visus,
675 481 747 523 cum
770 459 897 524 somnia
916 482 999 524 vera:

140 547 191 613 ‘In
213 548 327 613 silvam
350 569 415 611 non
432 547 525 632 ligna
546 547 630 612 feras
653 548 810 631 insanius,
833 569 870 612 ac
892 548 921 611 si

87 652 121 700 35
139 637 275 722 Magnas
298 635 492 700 Graecorum
514 634 607 698 malis
630 634 751 719 inplere
774 636 938 700 catervas?
1105 680 1107 715 :

140 724 300 809 Turgidus
323 722 461 807 Alpinus
484 722 610 808 iugulat
633 722 708 786 dum
731 722 904 788 Memnona
926 723 1043 806 dumque
1105 736 1107 747 '

140 812 292 876 Diffindit
313 810 419 875 Rheni
441 810 565 875 luteum
588 814 697 894 caput,
719 811 798 875 haec
821 830 881 896 ego
903 810 989 893 ludo,

142 900 229 976 Quae
252 921 355 983 neque
377 900 410 962 in
434 899 510 962 aede
533 902 648 963 sonent
670 899 826 962 certantia
849 898 952 963 iudice
974 898 1054 981 Tarpa

140 988 210 1054 Nec
231 988 362 1052 redeant
384 988 502 1051 iterum
525 990 620 1070 atque
642 986 760 1050 iterum
783 987 956 1070 spectanda
976 983 1078 1051 theatris

88 1091 123 1138 40
141 1075 268 1161 Arguta
289 1075 454 1139 meretrice
476 1079 568 1158 potes
590 1073 744 1158 Davoque
768 1072 938 1140 Chremeta

141 1163 301 1228 Eludente
324 1184 432 1227 senem
456 1183 561 1226 comes
584 1162 705 1247 garrire
726 1162 856 1227 libellos

142 1251 234 1315 Vnus
256 1252 416 1334 rivorum,
437 1249 596 1334 Fundani3
618 1248 723 1313 Pollio
746 1270 860 1334 regum

141 1340 239 1404 Facta
261 1340 347 1404 canit
368 1337 447 1421 pede
470 1342 519 1402 ter
541 1358 704 1422 percuss03
726 1338 810 1403 forte
833 1359 911 1422 epos
934 1361 1010 1423 acer,

142 1426 189 1491 Vt
210 1448 318 1510 nem0,
340 1425 457 1490 Varius
481 1426 582 1510 ducit3
604 1425 701 1489 molle
724 1430 820 1509 atque
841 1425 980 1491 facetum

90 1529 124 1578 45
142 1514 288 1599 Vergilio
312 1514 491 1578 adnuerunt
513 1513 686 1598 gaudentes
709 1535 782 1578 rure
806 1511 969 1578 Camenae.

143 1602 215 1667 Hoc
237 1606 317 1685 erat,
341 1605 471 1685 experto
494 1601 614 1665 frustra
636 1600 780 1665 Varrone
803 1599 941 1667 Atacino

142 1690 250 1774 Atque
273 1689 463 1774 quibusdam
486 1688 571 1772 aliis,
596 1688 710 1753 melius
735 1689 820 1773 quod
843 1690 981 1755 scribere
1001 1704 1096 1774 possen,

142 1777 312 1843 Inventore
335 1778 452 1861 minor3
474 1798 577 1861 neque
600 1797 660 1862 ego
683 1776 732 1840 illi
756 1776 922 1842 detrahere
945 1779 1036 1842 ausim

143 1865 338 1948 Haerentem
362 1865 459 1948 capiti
482 1886 554 1928 cum
577 1865 679 1929 multa
700 1864 793 1929 laude
816 1886 975 1930 coronam.

91 1969 125 2016 50
142 1952 189 2018 At
211 1953 277 2017 dixi
299 1955 397 2017 fluere
419 1951 505 2017 hunc
522 1952 730 2036 lutulentum,
753 1975 845 2036 saepe
868 1953 1018 2019 ferentem

143 2042 241 2105 Plura
263 2041 391 2125 quidem
414 2040 554 2104 tollenda
575 2040 800 2123 relinquendis.
840 2039 926 2126 Age,
950 2039 1062 2126 quaeso,

143 2130 192 2194 Tu
215 2129 297 2194 nihil
319 2129 353 2192 in
376 2150 492 2213 magno
516 2128 628 2192 doctus
650 2128 855 2211 reprehendis
878 2128 1034 2195 Homero?

142 2217 200 2282 Nil
223 2217 323 2282 comis
346 2217 460 2300 tragici
482 2219 587 2280 mutat
607 2215 751 2280 Lucilius
773 2215 865 2300 Acci,

142 2305 218 2370 Non
240 2304 324 2368 ridet
345 2325 456 2368 versus
478 2304 565 2367 Enni
587 2305 744 2388 gravitate
766 2304 920 2388 minores,

90 2407 124 2457 55
144 2391 225 2457 (lum
248 2392 286 2456 de
310 2413 343 2455 se
365 2390 509 2475 loquitur
531 2413 595 2456 non
617 2396 655 2456 ut
676 2392 796 2456 maiore
818 2393 1000 2476 reprensis?

144 2480 229 2556 Quid
251 2482 339 2544 vetat
361 2484 393 2543 et
415 2484 541 2544 uosmet
562 2479 666 2544 Lucili
689 2480 807 2564 scripta
828 2479 973 2565 legentes

145 2568 315 2651 Quaerere,
338 2589 415 2631 num
438 2567 539 2651 illius,
560 2585 640 2631 num
661 2590 768 2632 rerum
792 2568 871 2631 dura
893 2570 1019 2654 negarit

144 2655 327 2720 Versiculos
350 2659 465 2719 natura
486 2655 589 2740 magis
610 2656 712 2720 factos
736 2660 768 2720 et
791 2660 903 2720 euntes

143 2743 289 2828 Mollius,
312 2765 347 2807 ac
370 2744 471 2827 siquis
494 2743 628 2827 pedibus
651 2744 728 2827 quid
751 2743 895 2808 claudere
918 2745 1017 2830 senis,

92 2847 126 2895 60
143 2830 215 2895 Hoc
237 2835 363 2896 tantum
386 2834 568 2915 contentus,
591 2836 676 2895 amet
698 2831 862 2915 scripsisse
887 2832 1040 2898 ducentos

143 2917 230 2983 Ante
253 2919 360 2984 cibum
381 2941 506 3003 versus,
527 2919 662 2983 totidem
685 2924 828 2984 cenatus:
850 2919 984 2986 Etrusci

145 3005 244 3084 Quale
267 3006 331 3070 fuit
353 3005 443 3071 Cassi
465 3007 576 3091 rapido
599 3007 773 3072 ferventius
797 3008 883 3072 amni

144 3093 326 3179 Ingenium,
350 3096 459 3179 capsis'
477 3117 571 3178 quem
593 3095 710 3159 famast
732 3118 800 3160 esse
822 3095 979 3180 librisque

8 3200 10 3205 ’
144 3181 340 3246 Ambustum
361 3183 508 3267 propriis.
548 3182 660 3248 Fuerit
680 3183 837 3267 Lucilius,
855 3184 1002 3269 inquam,

92 3286 126 3334 65
146 3270 253 3335 (tomis
277 3275 310 3333 et
332 3271 486 3355 urbanuS,
508 3271 607 3336 fuerit
627 3271 769 3336 limatior
791 3272 876 3337 idem

145 3358 248 3434 Quam
270 3357 360 3422 rudis
383 3362 415 3422 et
438 3358 566 3425 Graecis
588 3360 701 3424 intacti
724 3359 873 3424 carminis
896 3365 1013 3426 auctor

146 3446 311 3529 Quamque
333 3451 500 3528 poetarum
523 3449 684 3513 seniorum
707 3449 815 3533 turba3
838 3448 894 3513 sed
917 3448 988 3535 ille,

147 3533 182 3599 Si
203 3534 289 3598 foret
310 3532 373 3597 hoc
393 3539 539 3599 nostrum
562 3537 629 3600 fato
653 3535 775 3601 delatus
799 3537 832 3600 in
857 3558 987 3621 aevum,
