2370 4028
497 189 692 244 clanmvn
932 188 1034 263 [xmr

267 334 341 400 Fies
364 333 520 399 nobilium
542 337 580 397 tu
603 353 732 416 quoque
756 333 926 419 fontium,

268 423 321 488 Me
344 423 467 487 dicente
490 422 576 486 cavis
598 420 777 504 inpositam
800 421 920 488 ilicem

314 509 419 593 Sauria,
442 509 526 574 unde
547 509 697 593 loquaces

355 598 519 681 Lymphae
543 596 694 661 desiliunt
716 599 804 662 tuae.

542 1043 639 1109 XIHI

221 1168 370 1234 Herculis
392 1168 458 1232 ritu
481 1168 576 1232 modo
600 1168 718 1252 dictus,
741 1189 759 1232 o
783 1169 897 1255 plebs,

221 1257 326 1322 Morte
348 1256 492 1321 venalem
514 1256 647 1341 petiisse
668 1256 798 1320 laurum

224 1345 338 1410 Caesar
359 1343 504 1428 Hispana
525 1345 642 1427 repetit
664 1347 797 1429 penates

266 1433 380 1498 Victor
402 1433 441 1497 ab
465 1454 528 1497 ora.

223 1582 326 1647 Vnico
350 1582 491 1667 gaudens
512 1582 627 1646 mulier
649 1582 764 1645 marito

222 1671 360 1735 Prodeat
382 1671 476 1736 iustis
500 1674 630 1754 operata
652 1669 733 1733 divis

224 1758 269 1824 Et
292 1779 382 1823 soror
405 1758 483 1823 olari
506 1759 595 1823 ducis
618 1762 651 1823 et
673 1757 805 1822 decorae

268 1845 417 1930 Supplice
439 1847 522 1911 vitta

223 1995 395 2081 Virginum
417 1998 535 2059 matres
558 1994 772 2080 iuvenumque
794 2016 899 2079 nuper

102 2142 107 2150 .
225 2083 398 2167 Sospitum.
438 2081 519 2162 Voa
543 2104 562 2147 o
584 2084 675 2166 pueri
698 2087 731 2149 et
753 2083 880 2166 puellae

227 2171 312 2236 †Iam
334 2171 439 2236 virum
462 2175 625 2255 expertae,
646 2171 729 2236 male
752 2171 941 2238 inominatis

267 2258 392 2323 Parcite
414 2259 529 2323 verbis.

223 2407 286 2474 Hic
309 2409 376 2473 dies
398 2430 471 2473 vera
493 2407 575 2472 mihi
596 2409 699 2473 festus
722 2411 807 2472 atras

223 2496 353 2562 Eximet
375 2518 479 2581 curas;
502 2518 562 2581 ego
585 2498 662 2560 †nec
683 2495 860 2561 tumultum

225 2585 310 2651 †Nec
332 2586 415 2649 mori
436 2607 494 2669 per
515 2585 582 2649 vim
604 2588 745 2649 metuam
767 2587 899 2651 tenente

270 2672 401 2738 Caesare
424 2676 533 2736 terras.

224 2820 255 2902 I,
276 2826 349 2906 pete
372 2825 585 2906 unguentum,
607 2844 699 2906 puer,
723 2826 755 2886 at
778 2844 915 2890 coronas

224 2909 270 2974 Et
287 2910 400 2974 cadum
421 2909 521 2973 Marsi
542 2932 716 2974 memorem
740 2910 851 2995 duelli,

226 2996 413 3082 Spartacum
436 2999 528 3081 siqua
549 2999 656 3082 potuit
678 3002 848 3082 vagantem

268 3084 391 3150 Fallere
414 3089 505 3150 testa.

225 3234 285 3298 Dio
308 3237 341 3298 et
363 3239 494 3320 argutae
516 3238 665 3319 properet
686 3232 828 3299 Neaerae

225 3321 389 3385 Murreum
412 3324 495 3387 nodo
518 3323 686 3387 cohibente
709 3323 843 3409 crinem,

227 3407 262 3474 si
284 3431 342 3492 per
363 3410 502 3474 invisum
524 3433 614 3475 mora
636 3411 806 3474 ianitorem

268 3495 354 3581 Fiet,
378 3497 473 3562 abito.
