2370 4028
85 238 107 300 4
489 240 685 297 GARMuWM
988 245 1012 317 [ι

217 382 336 468 Tollat3
359 383 412 448 hic
434 405 568 469 magnos
591 386 700 469 potius
723 386 921 471 triumphos,

86 486 121 535 50
217 469 280 535 Hic
303 493 389 536 ames
413 472 476 535 dici
498 477 590 557 pater
612 477 708 558 atque
730 473 894 558 princeps,

217 558 291 623 Neu
314 560 400 623 sinas
422 559 533 625 Medos
557 562 700 645 equitare
723 561 859 647 inultos,

287 647 332 712 Te
356 647 447 732 duce,
470 647 611 713 †0aesar.

509 897 668 905 —-.—.

512 1094 618 1160 -IlL

200 1215 253 1283 Sic
275 1222 307 1282 le
331 1218 403 1282 diva
425 1222 539 1302 potens
563 1218 674 1304 Cypri,

244 1304 297 1371 Sic
318 1307 433 1370 fratres
454 1306 609 1392 Helenae,
630 1306 737 1372 lucida
759 1309 878 1392 sidera,

196 1392 438 1479 Ventorumque
460 1400 551 1480 regat
572 1399 664 1479 pater

242 1480 413 1548 Obstrictis
436 1483 508 1547 aliis
530 1487 657 1568 praeter
679 1482 815 1569 Iapyga,

197 1630 312 1715 Naris,
336 1653 416 1715 quae
438 1632 499 1695 tibi
522 1632 678 1696 creditum

240 1719 347 1784 Debes
369 1718 550 1804 Vergilium
572 1720 690 1784 finibus
713 1718 841 1785 Atticis.

198 1807 324 1872 Reddas
348 1807 553 1890 incolumem,
574 1829 700 1891 precor,

241 1895 287 1958 Et
309 1917 415 1960 serves
438 1896 561 1959 animae
584 1895 751 1960 dimidium
773 1917 871 1961 meae.

198 2043 251 2109 Illi
273 2044 371 2107 robur
394 2048 426 2107 et
448 2065 501 2109 aes
523 2044 642 2128 triplex

241 2130 332 2196 Circa
353 2135 464 2215 pectus
488 2136 569 2216 erat,
590 2132 648 2216 qui
669 2132 817 2218 fragilem
840 2134 923 2199 truci

199 2219 356 2284 Gonmisit
378 2220 491 2305 pelago
514 2224 615 2284 ratem

243 2308 385 2391 Primus,
408 2330 465 2373 nec
488 2309 598 2372 timuit
620 2309 828 2391 praecipitem
850 2307 998 2374 Africum

197 2458 422 2522 Decertantem
444 2454 660 2540 Aquilonibus

242 2545 311 2610 Nec
333 2544 443 2608 tristes
465 2543 596 2628 Hyadas
618 2567 677 2609 nec
698 2546 819 2610 rabiem
841 2546 936 2633 Noti,

195 2633 265 2710 Quo
288 2654 352 2697 non
376 2632 495 2696 arbiter
515 2631 655 2697 Hadriae

244 2720 361 2804 Maior,
384 2719 496 2784 tollere
519 2742 575 2785 seu
597 2743 714 2804 ponere
737 2722 806 2786 volt
826 2722 917 2788 freta.

200 2869 301 2946 Quem
323 2870 437 2934 morbis
461 2869 570 2932 timuit
592 2871 739 2954 gradum,

244 2957 307 3034 Qui
329 2958 422 3023 siccis
446 2957 546 3022 oculis
569 2963 713 3022 monstra
734 2961 892 3045 natantia,

200 3046 263 3123 Qui
285 3046 367 3109 vidit
388 3067 475 3111 mare
498 3046 662 3110 turbidum
686 3051 718 3110 et

239 3132 377 3199 Infames
401 3134 562 3217 scopulos,
584 3133 838 3200 Acroceraunia?

198 3283 402 3368 Nequiquam
426 3285 502 3349 deus
526 3284 662 3348 abscidit

243 3371 387 3436 Prudens
411 3369 535 3437 Oceano
559 3373 754 3438 dissociabili

200 3459 327 3544 Terras,
349 3459 378 3524 si
400 3463 504 3524 tamen
529 3461 635 3544 inpiae

242 3548 318 3613 Non
340 3547 500 3632 tangenda
521 3552 606 3613 rates
629 3549 816 3613 transiliunt
836 3549 926 3614 vada.
