2370 4028
87 211 130 275 ce
493 205 689 261 CARMINVM
958 210 1014 283 [vn

175 351 277 437 Atqui
300 351 454 417 sollicitae
477 352 609 416 nuntius
631 350 794 437 hospitae,

89 459 122 507 10
178 440 343 524 Suspirare
367 438 488 505 Chloen
511 444 543 504 et
564 440 713 505 miseram
736 441 806 504 tuis

219 528 337 594 Dicens
360 529 489 616 ignibus
511 528 575 612 uri,

263 618 414 701 Temptat
435 615 523 682 mille
545 616 635 682 vafer
655 616 769 682 modis.

176 764 223 830 Vt
244 766 397 832 Proetum
418 766 534 832 mulier
554 766 677 850 perfida
699 766 871 832 credulum

175 853 279 919 Falsis
302 855 456 939 inpulerit
478 855 665 920 criminibus
687 855 786 920 nimis

91 958 122 1008 15
222 940 317 1008 Casto
340 943 607 1027 Bellerophontae

264 1030 425 1096 Maturare
447 1054 557 1096 necem
579 1032 690 1116 refert;

176 1179 295 1245 Narrat
317 1202 417 1264 paene
440 1180 549 1244 datum
571 1181 667 1246 Pelea
688 1181 838 1267 Tartaro,

176 1266 378 1353 Magnessam
400 1267 599 1352 Hippolyten
623 1271 698 1335 dum
720 1270 807 1355 fugit
831 1271 1004 1355 abstinens;

220 1356 264 1420 Et
286 1379 415 1440 peccare
439 1357 587 1422 docentes

89 1459 124 1507 20
264 1443 377 1509 Fallax
398 1444 549 1510 historias
572 1451 689 1511 movet

176 1593 323 1658 Frustra:
346 1616 421 1658 nam
444 1595 584 1678 scopulis
606 1594 732 1660 surdior
753 1594 837 1660 Icari

178 1682 282 1747 Voces
306 1681 394 1746 audit
418 1682 520 1747 adhuc
542 1683 674 1768 integer.
715 1682 761 1749 At
783 1685 846 1750 tibi

220 1769 270 1836 Ne
293 1770 417 1835 vicinus
438 1770 582 1854 Enipeus

264 1858 343 1923 Plus
365 1858 451 1923 iusto
474 1858 597 1943 placeat
620 1881 707 1946 cave3

90 2023 123 2072 ar
181 2006 332 2084 Quamvis
355 2029 420 2072 non
443 2008 524 2072 alius
547 2010 673 2074 flectere
697 2030 813 2093 equum
837 2011 942 2078 sciens

177 2095 288 2181 Aeque
311 2096 506 2180 conspicitur
528 2098 670 2183 gramine
693 2096 824 2182 Martio,

221 2184 290 2250 Nec
313 2186 481 2268 quisquam
504 2185 586 2251 citus
609 2207 708 2270 aeque

265 2272 368 2337 Tusco
392 2273 520 2338 denatat
542 2274 640 2339 alveo

178 2424 287 2488 Prima
309 2427 402 2488 nocte
425 2425 555 2490 domurn
578 2423 688 2489 claude
710 2447 813 2509 neque
835 2426 871 2491 in
892 2429 963 2494 vias

91 2527 125 2576 30
181 2511 247 2577 Sub
271 2516 366 2577 cantu
389 2512 538 2596 querulae
561 2512 686 2596 despice
709 2514 820 2599 tibiae,

220 2601 266 2665 Et
288 2605 320 2664 te
343 2623 435 2686 saepe
457 2602 584 2666 vocanti

264 2689 387 2754 Duram
410 2689 550 2754 difficilis
572 2711 673 2755 mane.

511 2938 670 2946 ——-——-

549 3136 637 3202 VIH.

246 3259 373 3325 Martiis
397 3260 520 3326 caelebs
544 3262 621 3345 quid
644 3283 737 3347 agam
759 3262 920 3352 kalendis,

250 3348 334 3426 Quid
355 3348 456 3414 velint
477 3351 572 3415 flores
596 3353 628 3415 et
651 3372 757 3415 acerra
779 3353 860 3417 turis

248 3436 347 3500 Plena
369 3438 495 3502 miraris
518 3439 707 3523 positusque
730 3441 825 3506 carbo
848 3442 883 3508 in

292 3523 419 3609 Cespite
440 3527 528 3612 vivo,
