2370 4028
156 230 219 296 188
545 227 768 284 srrvnruvn
1020 228 1064 302 [u

155 372 237 437 Vive
259 393 394 456 memor,
417 393 512 455 quarn
535 372 580 437 sis
602 371 673 437 aevi
694 367 822 436 brevis'
863 369 952 436 Haec
973 371 1024 436 ubi
1041 371 1095 437 diet

155 459 326 546 Agrestem
348 460 511 544 pepulere,
534 459 628 524 domo
650 458 731 525 levis
753 457 876 543 exsilit3
898 458 973 523 inde

156 548 262 612 Ambo
284 548 485 632 propositum
507 551 665 633 peragunt
687 547 762 630 iter,
784 546 876 611 urbis
898 550 1021 612 aventes

87 653 139 702 100
156 636 283 701 Moenia
304 635 454 700 nocturni
476 636 654 719 subrepere.
694 633 826 719 Iamque
849 634 980 700 tenebat

157 723 232 790 Nox
254 724 394 787 medium
416 722 495 788 caeli
517 723 670 808 spatium,
693 744 765 787 curn
787 721 882 806 ponit
903 726 1030 807 uterque

156 810 196 876 In
216 811 375 895 locuplete
397 811 490 876 domo
513 811 661 895 vestigia,
683 810 781 875 rubro
803 810 862 875 ubi
885 831 978 875 cocco

158 899 272 963 Tincta
294 921 390 982 super
410 897 510 964 lectos
534 898 683 964 canderet
704 897 804 963 vestis
826 897 979 983 eburnos,

158 986 325 1070 Multaque
348 987 386 1051 de
408 1006 525 1072 magna
547 990 749 1070 superessent
770 985 894 1051 fercula
916 1007 1003 1070 cena,

90 1091 140 1141 105
160 1074 247 1151 Quae
269 1074 381 1158 procul
403 1075 573 1139 exstructis
596 1075 721 1139 inerant
742 1072 894 1138 hesterna
916 1073 1057 1138 canistris

158 1163 247 1248 Ergo
270 1162 327 1227 ubi
349 1184 509 1246 purpurea
530 1166 712 1246 porrectum
735 1161 769 1225 in
791 1165 881 1226 veste
902 1160 1017 1226 locarit

159 1249 342 1335 Agrestem,
364 1249 466 1316 veluti
488 1251 668 1315 succinctus
691 1249 825 1314 cursitat
846 1248 965 1333 hospes

161 1338 396 1423 Continuatque
420 1338 528 1423 dapes,
550 1359 695 1402 necnon
717 1337 884 1402 remiliter
905 1337 974 1421 ipae

159 1424 319 1510 Fungitur
341 1426 469 1509 officiis,
491 1426 711 1510 praelambens
734 1446 827 1489 omne
850 1425 938 1509 quod
960 1424 1056 1489 adfert

91 1531 142 1579 110
160 1512 219 1577 llle
242 1513 361 1579 cubans
384 1514 501 1599 gaudet
522 1518 646 1578 mutata
612 1516 754 1578 tsorte
775 1513 934 1596 bonisque

159 1601 268 1666 Rebus
291 1602 359 1686 agit
380 1603 500 1667 laetum
524 1602 703 1686 convivam,
726 1622 799 1666 eum
821 1600 962 1666 subito
953 1620 1054 1687 ingens

159 1688 334 1753 Valvarum
357 1690 471 1773 strepit
472 1711 510 1753 us
531 1690 605 1754 leot
596 1712 624 1753 rs
647 1689 787 1754 excussit
808 1692 990 1792 utrumque.

161 1777 294 1842 Currere
315 1781 430 1862 perto
411 1782 501 1842 otum
523 1777 632 1862 pavidi
655 1775 803 1842 conclave
824 1777 992 1863 magisque

159 1864 333 1929 Exanimes
355 1865 527 1950 trepidare,
550 1864 647 1930 simul
670 1865 782 1928 domus
805 1864 871 1929 alta
892 1863 1036 1929 Molossis

90 1968 141 2019 115
160 1952 330 2018 Personuit
353 1953 493 2017 canibus.
534 1953 616 2016 Tum
638 1952 793 2017 rusticus:
815 1951 925 2016 Haud
946 1952 1022 2016 mihi
1039 1951 1090 2015 rite

159 2040 221 2105 Est
244 2063 324 2125 opus
346 2040 418 2105 hac'
442 2041 488 2104 ait
510 2045 543 2105 et
565 2039 697 2105 ³valeas:
719 2063 771 2106 me
794 2039 876 2104 silva
899 2060 1049 2124 carusque

160 2127 263 2193 Tutus
286 2128 325 2192 ab
349 2129 474 2192 insidiis
496 2129 585 2193 tenui
609 2128 765 2192 solabitur
787 2128 885 2192 ervo?-

625 2440 698 2506 Vll.

162 2563 351 2630 ‘Iandudum
375 2565 575 2630 auscultet
543 2569 575 2629 et
598 2565 765 2650 cupienst
751 2566 812 2630 itbi
835 2566 941 2632 dicere
963 2587 1065 2633 servus

160 2653 267 2717 Pauca
289 2652 483 2717 reformido?
524 2652 719 2718 ³Davusne?'
760 2652 834 2718 ³Ita·
826 2654 983 2741 ;,Davua
1005 2654 1111 2720 anicrn

161 2740 358 2824 Mancipium
381 2741 565 2805 dominoet
551 2739 674 2827 tfrugi
697 2741 830 2825 quod
805 2704 849 2807 sit
872 2743 967 2828 satis,
988 2743 1047 2809 lroc
1065 2741 1108 2821 ert,

161 2828 208 2893 Vt
229 2828 327 2894 vitale
349 2833 408 2912 put
410 2829 463 2892 es'
505 2826 600 2913 ‘Aga
621 2828 770 2894 libertate
792 2794 979 2916 Decembri,

127 2933 143 2982 5
162 2916 295 2994 Quando
317 2917 365 2980 ita
386 2917 523 2981 maiores
546 2916 716 2981 voluerunt
720 2920 854 3002 ,utere;
876 2919 993 2984 narra'

164 3004 253 3070 ‘Pars
276 3004 496 3069 hominum
465 3007 513 3068 vrt
514 3004 554 3068 iis
577 3005 695 3088 gaudet
717 3026 792 3070 cons
794 3009 957 3071 tantert
924 3010 957 3072 et
978 3006 1082 3092 urguet

161 3091 379 3177 Propositum3
404 3115 478 3194 pars
503 3091 684 3156 multat
627 3116 670 3157 na
670 3096 732 3177 tat,
756 3093 851 3159 modo
874 3098 964 3160 recta
985 3104 1124 3179 capemb

161 3179 326 3244 Interdum
349 3181 455 3263 pravis
479 3180 624 3245 obnoxia.
666 3178 766 3264 Saepe
788 3185 918 3248 notatus

163 3267 243 3332 Cum
265 3267 369 3332 tribus
392 3267 517 3352 anellis,
540 3267 635 3333 modo
657 3267 748 3334 laeva
769 3268 933 3334 Pris''cus
922 3269 1012 3335 marri

14 3437 16 3441 .
110 3372 143 3420 10
162 3354 255 3419 Vixit
240 3355 466 3440 tinaequelis,
489 3355 674 3421 clavumt
636 3360 674 3421 ut
695 3357 866 3421 mutaret
856 3379 891 3422 nr
912 3357 1024 3442 horas,

161 3442 305 3508 Aedibus
328 3465 368 3507 ex
389 3444 515 3529 magnis
538 3444 645 3509 subito
668 3465 703 3508 se
726 3444 888 3530 conderet,
910 3445 996 3510 unde

162 3530 313 3596 Mundior
336 3532 436 3595 exiret
459 3532 514 3596 vix
535 3530 705 3596 libertinus
726 3531 873 3619 honeste3
