2370 4028
165 237 226 302 138
554 238 778 294 sauvamvn
1122 239 1155 310 [ι

163 380 275 464 [Dives
299 381 397 465 agris,
421 381 508 446 dives
531 381 677 465 positis
669 404 703 445 ιιι
725 381 834 445 fenore
857 381 1029 468 nummis]

162 467 283 544 Quinas
306 469 358 533 hic
381 469 479 552 capiti
500 470 660 534 mercedes
683 473 822 553 exsecat,
845 472 943 553 atque

111 573 143 621 15
162 555 288 632 Quanto
311 558 465 642 perditior
488 559 669 641 quisquest,
692 561 782 621 tanto
806 558 909 622 acrius
933 563 1070 645 urguet3

160 643 301 710 Nomina
323 649 390 710 sect
376 649 464 710 tatur
485 646 580 710 modo
604 649 732 729 sumpta
714 649 841 710 avestc
864 646 952 710 virili

162 731 229 798 Sub
251 734 397 816 patribus
420 733 555 798 durist'
531 737 680 797 t.1ronum
722 732 884 798 Maxime'
908 735 982 818 quis
1009 758 1076 801 non

161 819 283 905 Iuppit
284 822 347 886 erl'
370 820 539 906 exclamat,
562 821 714 886 simult
681 825 777 904 atque
800 821 945 886 audivit?
989 822 1081 888 ‘'At
1072 847 1105 889 ιιι
1124 846 1151 888 sc

160 908 223 973 Pro
248 914 382 992 quaestu
405 914 569 993 sumptum
591 910 669 974 facit
690 909 765 974 hic'
808 908 874 974 Vix
896 911 1030 976 credere
1053 913 1156 997 possis,

108 1013 142 1061 ao
162 995 264 1072 Quam
287 998 350 1062 sibi
371 1020 436 1063 non
459 998 502 1061 sit
525 998 658 1081 amicus,
681 998 728 1061 ita
750 1000 787 1060 ut
809 1001 900 1081 pater
923 998 995 1084 ille,
1018 999 1141 1066 Terenti

160 1084 283 1149 Fabula
305 1107 400 1169 quem
422 1087 574 1150 miserum
598 1088 694 1170 gnato
717 1085 836 1150 vixisse
857 1086 970 1171 fugato

160 1172 300 1257 lnducit,
322 1196 388 1238 non
410 1195 444 1238 se
465 1175 557 1257 peius
580 1173 768 1238 cruciaverit
791 1178 886 1257 atque
908 1173 971 1240 hic.

162 1259 269 1344 Siquis
292 1283 377 1326 nunc
400 1266 531 1345 quaerat
555 1262 629 1345 ‘quo
652 1283 703 1325 res
726 1261 804 1326 haec
826 1263 1009 1344 pertinetl'
1032 1264 1117 1330 illuc:

159 1348 246 1412 Dum
268 1349 372 1413 vitant
394 1349 486 1414 stulti
507 1350 599 1434 vitia,
622 1350 655 1413 in
679 1349 838 1413 contraria
860 1355 1005 1416 currunt.

108 1454 141 1501 25
159 1436 313 1501 Maltinus
336 1438 454 1502 tunicis
477 1438 623 1502 demissis
646 1438 801 1522 ambulat3
824 1439 952 1522 estqui

159 1524 284 1610 Inguen
306 1526 345 1589 ad
369 1526 559 1590 obscaenum
583 1525 747 1590 subductis
769 1547 871 1609 usque
893 1526 1028 1593 facetus.

159 1612 311 1678 Pastillos
332 1613 472 1679 Rufillus
495 1614 572 1698 olet,
596 1613 776 1698 Gorgonius
798 1614 932 1680 hircum.

158 1700 217 1766 Nil
239 1702 418 1766 mediumst.
461 1701 542 1767 Sunt
528 1703 621 1786 tqui
643 1702 817 1767 nolintt
770 1703 827 1766 tet
818 1703 915 1787 rgisse
938 1703 1005 1769 nisi
1028 1703 1109 1789 illas,

159 1788 301 1865 Quarum
324 1790 458 1854 subsuta
480 1790 562 1854 talos
574 1791 705 1892 tegat'
696 1813 747 1854 ins
748 1791 808 1854 tita
829 1794 931 1876 veste3

106 1894 141 1942 30
160 1877 279 1942 Contra
301 1878 382 1942 alius
405 1878 527 1942 nullam
549 1879 612 1942 nisi
635 1878 765 1942 olenti
707 1882 790 1942 tm
812 1878 933 1942 fornice
956 1883 1102 1946 stantem

160 1964 295 2042 Quidam
317 1989 359 2031 no
361 1970 413 2031 tus
361 1966 532 2031 thomo
555 1988 628 2030 cum
651 1966 752 2031 exiret
738 1966 910 2050 tfomice,
934 1967 1051 2033 macte

158 2054 287 2118 Virtute
310 2054 391 2119 esto'
414 2054 520 2138 inquit
542 2054 700 2119 sententia
722 2054 775 2117 dia
797 2052 936 2119 Catonis.

157 2141 243 2207 Nam
265 2142 362 2207 simul
384 2164 420 2206 ac
442 2164 539 2206 renas
561 2142 685 2205 inflavit
707 2144 793 2206 tecta
814 2142 929 2226 libido,

156 2229 231 2294 Huc
252 2230 383 2294 iuvenes
406 2233 574 2312 aequumst
596 2229 796 2313 descendere,
819 2251 884 2293 ιιοιι
907 2230 1027 2296 alienas

105 2334 139 2383 35
157 2316 338 2382 Permolere
360 2338 484 2381 uxores.
525 2316 647 2382 ‘Nolim
668 2316 838 2381 laudarier'
860 2317 968 2401 inquit

158 2405 224 2470 ‘sie
246 2405 309 2469 me'
331 2404 465 2469 mirator
488 2406 583 2469 cunni
606 2404 800 2489 Cupiennius
824 2404 896 2470 albi.

157 2493 310 2558 Audirest
332 2515 445 2576 operae
467 2494 620 2577 pretium,
641 2493 810 2577 procedere
833 2497 917 2558 recte

157 2580 220 2657 Qui
242 2581 383 2646 moechis
406 2583 488 2645 †non
510 2580 621 2665 voltis,
643 2585 680 2645 ut
703 2581 790 2644 omni
812 2585 902 2665 parte
924 2580 1087 2668 laborent,

157 2667 265 2753 thue
288 2668 353 2733 illis
376 2668 478 2733 multo
502 2672 651 2752 corrupta
673 2668 782 2733 dolore
803 2669 966 2754 voluptas,

103 2773 139 2822 40
156 2756 264 2840 Atque
287 2757 364 2821 haec
386 2779 470 2840 rara,
493 2757 585 2820 cadat
609 2757 687 2821 dura
709 2757 794 2821 inter
815 2778 908 2840 saepe
930 2758 1060 2841 pericla

156 2844 220 2910 Hic
242 2867 275 2909 se
297 2845 504 2929 praecipitem
526 2848 611 2909 tecto
635 2845 735 2929 dedit,
757 2845 812 2909 ille
835 2844 972 2929 flagellis

156 2931 209 2997 Ad
230 2936 367 2997 mortem
390 2954 513 3016 caesus,
535 2932 661 3017 fugiens
683 2933 737 2997 hic
761 2932 878 2997 decidit
900 2955 1006 2998 acrem

156 3020 357 3086 Praedonum
379 3021 413 3085 in
431 3020 573 3105 turbam,
597 3021 684 3085 dedit
700 3020 754 3084 hic
771 3042 829 3105 pro
849 3042 981 3104 corpore
999 3044 1155 3109 nummos,

155 3108 251 3174 Hunc
273 3110 515 3193 perminxerunt
537 3108 675 3194 calones3
699 3108 777 3192 quin
801 3109 897 3173 etiam
920 3108 1002 3174 illud

102 3212 138 3260 45
156 3196 296 3280 Accidit,
319 3200 357 3260 ut
379 3197 505 3260 cuidam
527 3199 626 3262 testes
649 3197 844 3280 caudamque
866 3195 1004 3262 salacem

155 3283 362 3349 Demeterent
384 3285 477 3348 ferro.
519 3282 615 3348 ‘Iure'
639 3306 761 3369 omnes3
786 3283 887 3348 Galba
909 3286 1060 3370 negabat

29 3402 32 3407 ’
155 3372 270 3436 Tutior
293 3375 325 3435 at
349 3374 468 3455 quanto
491 3394 581 3437 merx
604 3377 652 3437 est
674 3373 708 3437 in
732 3371 832 3437 classe
855 3374 1006 3459 secunda,

154 3459 392 3524 Libertinarum
416 3460 499 3544 dico,
524 3459 696 3525 Sallustius
718 3461 752 3524 in
776 3482 854 3544 quas

154 3546 230 3613 Non
253 3547 360 3612 minus
383 3548 502 3612 insanit
525 3571 621 3632 quam
644 3549 700 3633 qui
722 3548 916 3613 moechatur.
957 3548 1005 3616 At
1028 3553 1147 3640 hiasi,
