2370 4028
263 175 265 180 ³
337 190 343 195 ⁵
430 225 539 280 umus
555 226 589 282 ιι
949 227 1013 292 169

64 368 169 433 edent
193 368 268 432 anni
291 372 324 433 et
346 370 477 433 tractari
499 369 629 435 mollius
653 374 739 434 aetas
1049 386 1085 435 85

63 456 171 522 ›ecille
192 457 292 521 volet:
315 457 376 521 tibi
399 457 552 541 quidnam
575 457 703 523 accedet
725 458 765 522 ad
786 458 896 543 istam,

63 565 106 608 m
130 567 211 629 puer
233 548 266 609 et
287 545 413 609 validus
436 547 628 630 praesumis,
649 545 834 632 mollitiem,
856 568 912 612 seu

63 653 88 694 a
115 632 266 697 valetudo
289 633 438 698 inciderit
461 655 517 699 seu
540 634 631 698 tarda
654 635 820 701 senectus?

64 721 185 785 cidum
208 743 321 804 aprum
345 722 470 805 antiqui
492 722 678 806 laudabant,
700 743 766 787 non
789 723 864 806 quia
885 743 982 786 nasus

91 809 207 873 nuilus
230 812 312 893 erat,
337 810 405 893 sed,
432 810 539 894 credo,
560 809 622 875 hac
643 814 763 895 mente,
786 811 872 893 quod
893 810 1010 894 hospes
1048 827 1083 876 90

63 895 141 962 iius
165 897 336 975 adveniens
358 898 508 962 vitiatum
532 899 729 963 commodius
753 919 848 982 quam

63 1005 173 1068 grum
191 985 272 1050 edax
290 985 438 1050 dominus
457 990 665 1051 consumeret.
699 985 769 1051 Hos
786 987 910 1051 utinam
928 986 1012 1049 inter

63 1092 129 1138 oas
152 1078 264 1137 natum
286 1074 383 1138 tellus
405 1096 457 1138 me
479 1075 584 1158 prima
605 1073 747 1138 tulisset!
826 1098 829 1104 ’

90 1161 218 1245 aliquid
239 1161 356 1247 famae,
379 1183 460 1246 quae
484 1162 622 1227 carmine
645 1162 768 1246 gratior
790 1183 898 1226 aurem

63 1253 149 1333 upet
170 1249 365 1314 humanam?
407 1247 549 1314 Grandes
572 1249 700 1315 rhombi
721 1250 911 1334 patinaeque
1048 1266 1084 1317 90

63 1337 133 1403 n'de
156 1337 266 1402 ferunt
287 1359 351 1401 una
374 1359 446 1402 cum
469 1339 584 1402 damno
608 1338 752 1402 dedecus
792 1337 883 1403 Adde

63 1443 128 1490 um
151 1430 315 1510 patruum,
337 1425 474 1509 vicinos,
496 1430 528 1491 te
551 1425 612 1490 tibi
634 1426 781 1509 iniquum

63 1510 194 1578 frustra
215 1514 329 1579 mortis
353 1514 517 1598 cupidum,
540 1536 613 1578 cum
636 1514 719 1578 derit
741 1513 848 1597 egenti

82 1599 196 1686 laquei
218 1602 366 1685 pretium
408 1600 505 1666 ³Iure'
528 1601 635 1685 inquit
657 1601 853 1665 “drausius
844 1605 887 1665 1st
873 1601 917 1665 tis

63 1693 158 1768 gatur
180 1689 300 1774 verbis3
324 1710 383 1774 ego
406 1711 462 1754 vec
463 1689 576 1773 tigalia
597 1709 715 1773 magna
1032 1703 1085 1754 100

63 1738 209 1861 itiasque
230 1777 332 1842 habeo
356 1778 460 1841 tribus
484 1778 606 1861 amplas
628 1775 780 1861 regibus?
820 1776 909 1860 Ergo

63 1863 100 1929 d
122 1869 252 1949 superat
273 1886 337 1929 non
361 1870 410 1929 est
431 1865 544 1929 melias
567 1886 630 1948 quo
654 1865 813 1928 insumere
836 1863 982 1947 possis?

95 1957 168 2038 eget
190 1953 341 2038 indignus
364 1953 534 2037 quisquam
556 1957 589 2018 te
613 1952 693 2017 divit
694 1953 732 2017 e?
773 1951 878 2028 Quare

63 2041 140 2125 nple
161 2045 260 2106 ruunt
283 2041 415 2125 antiqua
437 2041 553 2105 deum?
595 2039 672 2125 Gur,
694 2038 841 2123 inprobe,
864 2060 954 2103 carae

63 2146 76 2188 ι
104 2129 227 2213 ahquid
248 2129 370 2213 patriae
392 2133 484 2192 tanto
508 2129 649 2193 emetiris
672 2127 805 2192 acervo?
1031 2144 1084 2192 105

94 2218 247 2282 nimirum
270 2217 332 2281 tibi
353 2220 439 2281 recte
462 2239 588 2301 semper
609 2220 704 2280 erunt
725 2237 790 2299 res,

63 2322 194 2390 maguus
216 2304 350 2389 posthac
372 2304 511 2369 inimicis
533 2305 631 2368 risus!
672 2302 794 2368 Vterne

78 2415 174 2458 ocsus
197 2393 311 2457 dubios
333 2392 412 2456 fidet
434 2392 497 2456 sibi
519 2391 659 2457 certius?
681 2391 735 2456 hic
758 2392 814 2475 qui

63 2481 158 2546 ribus
182 2479 323 2545 adsuerit
344 2485 485 2545 mentem
507 2500 686 2564 corpusque
709 2479 897 2564 superbum,

81 2569 138 2654 qui
162 2572 331 2634 contentus
353 2590 452 2652 parvo
475 2572 684 2652 metuensque
706 2566 808 2631 futuri
1031 2583 1085 2632 110

63 2674 158 2741 pace,
180 2660 219 2720 ut
240 2656 379 2741 sapiens,
404 2657 523 2740 aptarit
544 2657 658 2721 idonea
678 2653 786 2720 bello?

63 2762 74 2803 ι
100 2746 204 2847 magis
226 2743 278 2808 his
301 2745 410 2809 credas
415 2767 526 2828 ,puer
547 2745 632 2808 hunc
655 2765 715 2828 ego
735 2763 854 2826 parvus
872 2738 1012 2805 Ofellum

63 2835 145 2919 gris
169 2832 284 2916 opibus
307 2832 383 2896 novi
405 2854 470 2896 non
492 2832 589 2897 latius
612 2853 707 2896 usum

63 2939 110 2986 tm
133 2943 218 2985 nuno
241 2920 361 2986 accisis.
402 2919 520 2984 Videas
542 2920 695 2985 metato
687 2942 720 2983 ιιι
744 2917 847 3002 agello

63 3025 89 3073 n
110 3030 224 3093 pecore
247 3013 279 3074 et
301 3008 408 3094 gnatis
430 3009 548 3073 fortem
569 3006 713 3072 mercede
736 3006 885 3071 colonum
1031 3021 1083 3070 115

63 3117 95 3161 n
116 3097 189 3183 ego'
211 3102 393 3162 narrantem
417 3097 547 3161 ³temere
571 3097 621 3160 edi
643 3095 714 3159 luce
737 3093 880 3178 profesta

63 3207 185 3270 equam
207 3189 298 3270 praet
300 3207 334 3249 er
284 3185 427 3249 tolus
449 3185 593 3249 fumosae
616 3206 689 3249 cum
711 3182 791 3266 pede
813 3202 938 3265 pernae.

79 3273 158 3338 mihi
181 3294 237 3337 seu
259 3273 394 3359 longum
416 3276 492 3356 post
514 3276 641 3372 tempus
663 3274 793 3336 venerat
814 3269 932 3353 hospes

63 3379 84 3424 e
105 3383 236 3446 operum
258 3382 359 3426 vacuo
384 3365 495 3446 gratus
518 3359 652 3424 convive
673 3381 731 3442 per
752 3358 888 3459 imbrem

63 3447 154 3533 inus,
176 3450 257 3514 bene
281 3453 349 3514 erat
371 3471 435 3513 non
458 3448 599 3532 piscibus
622 3447 779 3511 urbet
723 3450 791 3531 petr
779 3446 848 3529 itis,
1031 3460 1082 3508 120

63 3532 73 3597 1
93 3539 180 3622 pullo
205 3542 301 3621 atque
322 3537 439 3622 haed03
462 3541 532 3600 tum
554 3535 687 3620 pensilis
710 3557 773 3599 uva
795 3496 948 3599 sedundas
