2370 4028
354 279 462 335 LIBER
479 280 513 336 11.
870 281 935 346 243

72 445 87 487 ι
110 422 235 488 iuvenis
257 422 386 487 tandem
409 423 539 487 custode
562 427 685 488 remoto

79 511 170 594 equis
193 510 387 594 canibusque
410 514 444 575 et
465 511 565 594 aprici
588 512 731 596 gramine
754 513 871 599 campi,

73 599 105 662 in
127 598 243 663 vitium
265 599 364 683 flecti,
386 599 600 664 monitoribus
623 621 728 685 asper,

91 686 202 751 tardus
225 687 383 771 provisor,
405 686 560 772 prodigus
583 687 678 772 aeris,

73 797 86 839 s
109 775 306 859 cupidusque
329 778 362 839 et
383 779 489 839 amata
510 774 689 860 relinquere
711 777 833 860 pernix

72 862 313 927 isstudiist
262 866 313 927 aet
314 884 348 927 as
372 863 559 947 animusque
581 863 684 928 uirilis
757 891 760 897 ·

85 972 161 1034 opes
183 954 217 1016 et
239 951 410 1035 amicitias,
432 951 566 1015 inservit
587 951 715 1036 honori,

74 1060 125 1103 sse
148 1042 238 1103 cavet
261 1038 346 1123 quod
368 1060 444 1103 mox
466 1043 590 1104 mutare
608 1039 744 1114 laboret.

72 1148 162 1192 enem
186 1127 439 1192 circumveniunt
459 1127 673 1211 incommoda,
694 1128 746 1193 vel
768 1129 853 1212 quod

85 1218 118 1280 et
140 1215 278 1280 inventis
301 1215 398 1279 miser
420 1215 561 1280 abstinet
583 1237 619 1280 ac
641 1217 735 1281 timet
756 1217 818 1302 uti,

73 1303 99 1366 >d
121 1325 173 1367 res
196 1324 306 1367 omnes
329 1302 440 1367 timide
463 1303 630 1388 gelideque
652 1305 827 1389 ministrat,

91 1413 147 1475 spe
170 1390 318 1476 †longus‚
341 1391 426 1455 iners
448 1392 646 1475 pavidusque
667 1393 783 1478 futuri,

73 1502 93 1564 ι,
116 1478 281 1563 quemlus,
304 1478 451 1543 laudator
472 1480 627 1563 temporis
649 1481 713 1544 acti

73 1590 105 1651 ο,
128 1567 303 1652 castigator
324 1588 498 1651 censorque
520 1567 689 1632 minomm.

73 1659 162 1720 emnt
185 1655 260 1721 anni
282 1655 444 1720 venientes
467 1655 634 1721 commoda
655 1677 777 1741 secum,

73 1744 238 1808 eeedentes
261 1743 414 1808 adimunt.
454 1741 505 1810 Ne
527 1744 610 1808 forte
633 1744 748 1808 seniles

73 1836 120 1897 tur
142 1831 249 1896 iuveni
271 1835 378 1915 partes
400 1853 563 1916 pueroque
584 1831 702 1897 uiriles.

83 1921 116 1984 in
140 1920 297 1990 adiunctis
321 1941 460 2004 aevoque
482 1919 680 1985 morabimur
702 1921 794 2004 aptis.

73 2012 126 2073 tur
147 2030 198 2072 res
220 2009 255 2072 in
278 2008 399 2072 scaenis
423 2012 479 2072 aut
502 2012 572 2072 aeta
593 2008 739 2073 refertur.

87 2096 216 2160 irritant
238 2095 361 2161 animos
384 2096 523 2161 demissa
543 2119 601 2180 per
624 2118 732 2160 aurem

73 2206 135 2269 uae
158 2189 233 2248 sunt
256 2184 357 2249 oculis
380 2184 523 2249 subiecta
543 2183 692 2250 fidelibus
715 2189 748 2249 et
770 2206 851 2269 quae

73 2273 85 2337 i
107 2272 208 2336 tradit
229 2276 402 2356 spectator:
425 2295 490 2336 non
513 2276 621 2336 temen
642 2273 730 2338 intus

73 2361 125 2443 ςιιι
148 2382 274 2444 promes
298 2360 332 2425 in
354 2382 500 2425 scaenam
522 2359 687 2444 multaque
709 2361 803 2427 tolles

73 2449 117 2533 is,
140 2470 220 2532 quae
242 2470 319 2513 mox
340 2452 449 2513 narret
469 2447 619 2512 facundia
639 2471 798 2532 praesens.

73 2558 115 2601 us
138 2558 244 2601 coram
266 2536 386 2621 populo
408 2534 521 2601 Medea
542 2536 693 2621 tmcidet,

73 2646 156 2688 nana
177 2624 283 2708 palam
305 2628 423 2708 coquat
445 2628 519 2690 exta
539 2623 680 2689 nefarius
702 2623 835 2709 Atreus,

74 2735 165 2778 avem
186 2712 309 2778 Procne
331 2717 487 2797 vertatur,
510 2710 648 2777 Cadmus
670 2713 705 2776 in
727 2733 872 2798 anguem.

73 2823 156 2885 nque
178 2801 320 2866 ostendis
342 2801 423 2865 mihi
445 2801 505 2885 sic,
527 2800 708 2866 incredulus
732 2801 793 2865 odi.

73 2890 144 2954 inor
165 2911 227 2954 neu
250 2889 294 2953 sit
316 2889 428 2973 quinto
451 2889 636 2973 productior
658 2892 732 2953 actu

84 2999 164 3062 quae
186 2978 277 3061 posci
298 2976 367 3041 volt
389 2981 422 3042 et
444 2981 586 3061 spectata
608 2977 731 3061 reponi3

73 3089 94 3130 ιι
116 3066 257 3150 intersit,
278 3065 343 3129 nisi
366 3065 481 3150 dignus
503 3065 628 3130 vindice
650 3065 753 3129 nodus

73 3177 91 3239 ⁵3
113 3176 171 3218 nec
195 3157 309 3238 quarta
329 3153 419 3237 loqui
441 3174 577 3237 persona
598 3153 730 3217 laboret.

77 3246 184 3326 partes
207 3241 323 3309 choma
346 3241 550 3325 officiumque
572 3240 664 3305 virile
794 3299 797 3303 .

73 3335 98 3415 t,
120 3352 183 3395 neu
206 3331 283 3414 quid
305 3329 427 3395 medios
449 3329 621 3394 intercinat
642 3334 745 3413 actus,

73 3441 104 3483 m
129 3419 295 3503 proposito
318 3419 473 3484 conducat
494 3421 528 3482 et
548 3416 678 3482 haereat
701 3421 782 3501 apte.
947 3434 997 3482 ιιι

73 3508 101 3572 ιι
123 3507 291 3591 faveatque
313 3511 347 3571 et
368 3506 553 3572 consilietur
576 3506 688 3591 amice,

73 3599 84 3660 t
106 3595 205 3661 iratos
228 3599 260 3660 et
283 3598 368 3661 amet
388 3617 501 3679 pacare
524 3597 697 3680 tumentes3

717 3697 768 3751 16·
