2370 4028
438 226 547 282 LIBER
564 227 599 283 H.

483 405 555 471 VH.

150 526 176 592 0
201 550 293 613 saepe
316 550 441 593 mecum
463 533 591 614 tempus
612 530 647 594 in
669 531 819 595 ultimum

149 617 293 682 Deducte
314 617 417 682 Bruto
439 618 574 684 militiae
598 619 689 703 duce,

195 704 273 781 Quis
296 710 327 769 te
350 706 516 770 redonavit
539 705 695 783 Quiritem

237 791 296 857 Dis
319 794 433 878 patriis
455 792 601 879 Italoque
624 795 725 880 caclo,

149 942 296 1027 Pompei,
318 963 463 1006 meorum
484 943 586 1027 prime
609 944 778 1030 sodalium,

151 1029 231 1095 Cum
255 1052 318 1114 quo
340 1035 519 1095 morantem
541 1054 634 1117 saepe
657 1033 741 1098 diem
763 1054 851 1098 mero

192 1118 302 1204 Fregi,
325 1123 495 1184 coronatus
517 1120 655 1185 nitentes

238 1205 441 1290 Malobathro
465 1205 559 1292 Syrio
582 1208 736 1294 capillos?

149 1357 268 1422 Tecum
290 1356 458 1440 Philippos
481 1361 514 1422 et
537 1358 670 1423 celerem
692 1359 802 1445 fugam

151 1445 244 1512 Sensi
265 1445 377 1510 relicta
399 1466 464 1509 non
486 1446 567 1511 bene
588 1447 747 1532 parmula,

195 1533 275 1599 Cum
296 1533 398 1598 fracta
419 1533 522 1598 virtus
546 1538 578 1598 et
600 1535 739 1599 minaces

238 1621 344 1705 Turpe
367 1621 472 1686 solum
495 1623 628 1708 tetigere
651 1627 767 1688 mento.

152 1771 215 1837 Sed
236 1793 288 1836 me
310 1792 368 1855 per
388 1770 498 1836 hostes
520 1769 697 1835 Mercurius
720 1772 804 1837 celer

150 1860 258 1925 Denso
280 1862 449 1944 paventem
472 1858 604 1922 sustulit
625 1881 709 1944 aare,

195 1948 240 2014 Te
262 1969 373 2012 rursus
396 1948 430 2011 in
452 1946 572 2012 b'ellum
594 1946 761 2012 resorbens

239 2033 334 2099 Vnda
354 2035 447 2100 fretis
469 2028 546 2099 tulit
568 2035 732 2100 aestuosis.

150 2186 240 2271 Ergo
263 2184 438 2270 obligatam
460 2185 556 2250 redde
577 2183 647 2249 Iovi
670 2185 796 2269 dapem,

150 2275 325 2359 Longaque
346 2273 467 2337 fessum
490 2272 606 2337 militia
626 2273 712 2337 latus

195 2362 328 2446 Depone
352 2361 412 2425 sub
434 2361 527 2425 lauru
549 2383 620 2425 mea
641 2383 699 2426 nec

239 2449 338 2515 Parce
361 2450 447 2515 cadis
469 2449 529 2513 tibi
553 2449 728 2514 destinatis.

153 2599 318 2681 Oblivioso
340 2599 424 2663 levia
445 2598 582 2664 Massico

154 2688 282 2754 Ciboria
304 2687 409 2772 exple,
431 2687 528 2752 funde
552 2687 719 2771 capacibus

196 2776 369 2862 Vnguenta
392 2776 431 2839 de
453 2775 590 2841 conchis.
631 2774 711 2852 Quis
733 2774 796 2839 udo

239 2863 458 2948 Deproperare
481 2864 553 2948 apio
576 2885 707 2928 coronas

154 3014 289 3079 Ouratve
312 3013 440 3096 myrto?
482 3011 583 3089 Quem
605 3012 715 3078 Venus
739 3013 893 3078 arbitrum

152 3103 248 3168 Dicet
269 3101 420 3174 bibendi?
460 3100 541 3167 Non
559 3122 617 3186 ego
640 3102 747 3166 sanius

195 3189 381 3256 Bacchabor
402 3189 538 3254 Edonis:
560 3194 687 3273 recepto

239 3278 342 3344 Dulce
365 3277 446 3342 mihi
468 3278 604 3343 furerest
626 3278 736 3343 amico.

443 3509 601 3518 —-.——.--
