2386 4020
99 223 141 298 Iu]
491 226 600 282 LIBER
615 227 650 282 Π·
1012 231 1073 295 171

97 366 154 434 dan
167 369 245 436 bene
262 392 315 435 me
332 370 453 436 nosti?
483 369 671 456 ‘Postquam
689 370 794 435 omnis
811 393 862 436 res
876 394 948 438 mea
961 370 1074 438 Ianum

97 453 133 520 id
146 458 283 523 medium
303 457 451 542 fractast,
474 457 579 523 aliena
599 459 731 544 negotia
752 480 829 523 curo

96 541 230 612 bremens
250 545 400 632 propriis
442 543 529 610 Olim
550 568 626 611 nam
649 568 800 631 quaerere
823 548 982 632 amabam,
1092 567 1126 614 20

96 628 147 706 (100
163 634 249 700 refer
270 634 327 700 ille
348 633 445 718 pedes
465 632 600 700 lavisset
623 632 780 718 Sisyphus
804 655 890 719 aere,

97 717 157 794 Quid
175 722 337 806 sculptum
359 722 497 806 infabre,
520 721 597 806 quid
618 723 728 786 fusum
751 722 861 787 durius
884 727 977 789 esset.

96 805 208 876 Callidus
229 810 307 876 huic
328 810 422 896 signo
444 810 604 895 ponebam
625 808 717 875 milia
736 814 880 896 0011111111,

95 891 189 964 Hortos
210 898 419 984 egregiasque
442 899 554 963 domos
575 899 746 964 mercarier
768 919 852 963 unus

95 979 153 1051 Cum
170 986 259 1053 lucro
281 1008 407 1051 noram:
429 985 514 1051 unde
536 985 718 1070 frequentia
739 984 928 1052 Mercuriale
1088 1003 1125 1053 25

95 1066 239 1157 inposuere
260 1073 343 1139 mihi
364 1094 542 1160 cognomen
565 1075 725 1159 eompita'
766 1073 877 1161 ‘Novi,

94 1153 126 1224 dt
141 1163 231 1228 miror
252 1162 358 1228 morbi
380 1167 554 1248 purgatum
575 1166 608 1228 te
631 1163 727 1228 illius.
767 1162 870 1249 Atqui

94 1241 199 1316 buerit
218 1253 361 1317 veterem
382 1250 463 1315 mire
485 1272 602 1335 novus,
623 1255 662 1315 ut
684 1250 779 1334 solet,
802 1251 836 1315 in
859 1273 914 1317 eor

94 1329 212 1405 disiecto
234 1338 346 1405 leteris
368 1338 479 1404 miseri
501 1339 654 1423 capitisve
677 1339 800 1423 dolore,

94 1416 127 1488 u
142 1426 333 1513 lethargicus
357 1425 412 1491 hic
436 1449 509 1491 curn
533 1427 572 1490 fit
596 1427 688 1511 pugil
710 1431 743 1492 et
764 1427 923 1492 medicum
945 1432 1071 1514 urguet.
1090 1443 1125 1492 00

94 1505 157 1579 lium
171 1514 291 1600 nequid
308 1514 413 1580 simile
430 1514 520 1599 huic,
539 1519 607 1579 esto
625 1519 663 1578 ut
680 1514 780 1580 libet?
812 1513 851 1580 ³0
867 1516 964 1600 bone,
982 1521 1072 1581 nete

95 1593 247 1669 drustrere:
270 1602 392 1668 insanis
414 1607 448 1668 et
470 1607 520 1686 tu,
543 1602 698 1686 stultique
720 1625 819 1687 prope
842 1624 966 1688 omnen,

94 1681 183 1772 Siquid
205 1689 380 1758 Stertinius
401 1690 471 1756 reri
493 1695 614 1775 erepat,
637 1691 720 1755 unde
743 1711 802 1775 ego
825 1692 908 1755 mira

93 1768 230 1864 Descripsi
254 1778 367 1844 docilis
388 1782 558 1863 praecepta
578 1777 672 1864 haee,
694 1783 837 1862 tempore
861 1801 924 1863 quo
947 1802 999 1844 me

94 1855 196 1933 dubius
218 1867 314 1932 iussit
336 1868 512 1951 sapientem
534 1888 663 1950 posuere
685 1867 817 1931 barbam
1090 1883 1124 1932 35

93 1944 175 2037 Atque
196 1976 216 2019 a
236 1953 385 2020 Fabricio
407 1976 473 2019 non
494 1954 621 2019 tristem
643 1959 740 2038 ponte
763 1955 887 2020 reverti.

94 2030 156 2105 Nan
174 2043 257 2108 male
279 2063 314 2108 re
336 2046 523 2127 gestatum
545 2042 660 2108 vellem
683 2044 811 2107 mittere
834 2046 945 2126 operto

94 2115 246 2216 decapite
268 2131 304 2196 in
325 2131 458 2215 fiumen,
481 2130 592 2196 dexter
614 2132 706 2195 stetit
728 2135 760 2195 et
783 2131 869 2195 ‘cave
891 2130 974 2194 faxis

94 2205 127 2277 10
139 2219 303 2304 quiequam
320 2218 497 2304 indignum.
528 2217 648 2283 Pudor'
662 2219 768 2303 inquit
786 2219 829 2282 ‘te
847 2218 951 2284 malus
968 2219 1071 2304 angit,

95 2292 201 2372 1001100
224 2307 282 2392 qui
302 2306 388 2372 inter
408 2328 537 2371 vereare
560 2307 691 2371 insanus
712 2306 854 2372 haberi·
1089 2323 1124 2370 40

95 2380 213 2460 Primum
230 2414 306 2460 nam
322 2394 496 2479 inquiram,
515 2394 592 2478 quid
605 2395 649 2458 sit
662 2394 780 2460 furere:
798 2394 860 2459 hoe
874 2396 902 2459 si
916 2396 978 2460 erit
991 2396 1025 2459 in
1039 2399 1071 2460 te

95 2469 228 2567 8010,οἢ
249 2482 353 2567 verbi,
375 2504 487 2567 pereas
510 2483 588 2567 quin
609 2482 750 2566 fortiter,
772 2482 895 2547 addam.

97 2558 173 2637 Quem
192 2569 279 2637 mala
299 2570 440 2636 stultitia
462 2573 495 2635 et
517 2591 613 2654 quem
636 2592 771 2654 eumque
793 2570 921 2636 inscitia
942 2571 1011 2635 veri

96 2644 205 2724 Qucum
227 2659 309 2744 agit,
331 2658 479 2723 insanum
502 2656 674 2742 Chrysippi
697 2658 840 2742 porticus
863 2662 896 2722 et
918 2679 997 2744 grex

97 2733 234 2812 dutumat
267 2745 356 2811 Haec
376 2746 527 2831 populos,
549 2746 627 2812 haec
649 2766 783 2831 magnos
805 2746 945 2811 formula
966 2767 1072 2833 reges,
1090 2763 1124 2811 45

97 2818 213 2918 dxcepto
235 2833 392 2920 sapiente,
414 2837 511 2900 tenet.
549 2832 646 2900 Nunc
668 2835 788 2918 accipe,
811 2856 908 2918 quare

97 2906 238 3006 desipiant
259 2943 370 2988 omnes
392 2944 492 3007 aeque
514 2944 551 2986 ac
569 2926 619 3007 tu,
642 2922 698 3006 qui
720 2922 781 2986 tibi
802 2943 919 2987 nemen

98 2993 187 3075 100010
207 3031 351 3096 posuere.
392 3008 492 3075 Velut
513 3010 617 3095 silvia,
639 3010 696 3075 ubi
718 3009 838 3093 passim

99 3080 218 3165 idanus
240 3120 330 3164 error
351 3101 437 3164 certo
461 3098 499 3163 de
522 3098 650 3162 tramite
672 3097 778 3182 pellit,

99 3167 461 3271 Ι1100111101001011111,1110
483 3187 685 3251 dextrorsum
708 3185 789 3269 abit,
810 3207 894 3250 unus
917 3187 1046 3271 utrique
1091 3203 1125 3251 50

99 3257 184 3359 duur,
204 3275 262 3340 sed
283 3275 381 3339 variis
404 3274 522 3339 inludit
543 3274 701 3357 partibus:
723 3272 785 3338 hoc
806 3277 840 3339 te

101 3347 175 3426 bede
193 3363 288 3428 modo
311 3363 472 3447 insanum,
495 3361 597 3426 nihilo
620 3366 658 3427 ut
680 3361 855 3444 sapientior
876 3362 945 3447 1110,

100 3434 189 3514 Quite
209 3451 345 3535 deridet,
367 3452 499 3516 caudam
522 3448 636 3514 trahat.
676 3448 739 3514 Est
761 3471 862 3536 genus
884 3472 984 3516 unum

101 3520 234 3605 iuddciae
257 3539 394 3604 nihilum
417 3537 588 3603 metuenda
609 3537 767 3623 timentis,
789 3542 827 3603 ut
849 3539 953 3623 ignes,
