2370 4028
91 175 135 240 50

93 422 126 470 30

500 174 699 230 carumve
908 178 1004 252 [nvn.

250 317 374 382 Dextra
395 316 546 402 levasset,
569 318 817 384 Mercurialium

253 405 368 471 Custos
391 406 542 471 virorum.
582 406 728 472 Reddere
751 409 917 477 victimas

294 494 479 579 Aedemque
501 495 643 559 votivam
665 501 853 585 memento,

337 581 407 650 Nos
430 582 585 648 humilem
608 583 762 649 feriemus
788 607 928 673 agnam.

535 1031 655 1098 XVIII.

200 1154 276 1222 Non
299 1157 378 1222 ebur
400 1179 504 1241 neque
527 1179 657 1222 aureum

245 1243 319 1311 Mea
340 1245 465 1310 renidet
488 1245 522 1308 in
544 1244 639 1310 domo
662 1245 809 1335 lacunar,

201 1331 278 1399 Non
301 1334 408 1399 trabes
431 1333 617 1417 Hymettiae

245 1421 401 1487 Premunt
424 1422 588 1486 columnas
611 1422 725 1486 ultima
747 1423 871 1490 recisas

202 1569 325 1656 Africa,
348 1594 450 1657 neque
473 1569 577 1636 Attali

246 1658 382 1746 Ignotus
404 1660 497 1726 heres
519 1659 642 1744 regiam
666 1660 833 1745 occupavi,

200 1747 270 1814 Nec
291 1747 464 1813 Laconicas
487 1748 568 1812 mihi

244 1836 390 1901 Trahunt
411 1836 565 1902 honestae
587 1858 745 1920 purpuras
769 1836 921 1904 clientae.

199 1983 245 2050 At
266 1986 346 2052 fides
370 1990 402 2051 et
424 1985 534 2071 ingeni

244 2073 391 2159 Benigno
412 2078 537 2159 venast,
560 2095 796 2159 pauperemque
819 2074 914 2143 dives

199 2161 253 2227 Me
275 2164 370 2246 petIt:
392 2162 474 2227 nihil
497 2185 594 2247 supra

243 2250 330 2315 Deos
351 2251 473 2316 lacesso
496 2274 554 2317 nec
576 2255 742 2336 potentem
764 2251 907 2317 amicum

198 2399 353 2486 Largiora
374 2401 499 2485 flagito,

245 2488 330 2554 Satis
353 2488 465 2553 beatus
488 2490 609 2554 'surricis
634 2489 770 2556 Sabinis.

199 2577 354 2642 Truditur
377 2577 444 2642 dies
468 2576 531 2661 dle,

242 2665 416 2750 Novaeque
438 2670 578 2750 pergunt
600 2666 731 2732 interire
753 2668 858 2732 lunae.

199 2815 248 2880 Tu
272 2816 407 2880 secanda
428 2837 588 2880 marmora

241 2902 343 2968 hocas
367 2905 426 2969 sub
450 2904 555 2988 ipsum
578 2904 675 2969 funus
699 2909 731 2969 et
753 2905 894 2989 sepulcri

198 2989 360 3057 Inmemor
383 2992 481 3057 struis
504 2992 629 3077 domos,

241 3079 403 3165 Marisque
425 3079 502 3145 Bais
525 3080 739 3165 obstrepentis
762 3102 882 3167 urgues

198 3230 393 3296 Submovere
415 3231 524 3315 Iltora,

241 3318 360 3383 Parum
381 3319 525 3404 locuples
549 3319 731 3384 continente
754 3319 833 3404 ripa.

197 3407 282 3485 Quid
305 3407 391 3491 quod
413 3430 514 3491 usque
537 3408 701 3492 proximos

239 3495 381 3562 Revellis
405 3497 474 3581 agri
496 3496 650 3562 terminos
673 3500 705 3561 et
727 3496 814 3562 ultra
