2370 4028
87 191 130 256 32

88 525 121 575 15

372 185 569 241 cranium
586 183 695 239 nmen
710 184 731 238 1.
769 184 919 256 [xxxvu
931 183 1017 239 mu

267 331 333 396 Vix
355 351 420 394 una
433 327 553 413 'sospes
575 329 666 394 navis
689 329 729 394 ab
752 329 898 414 ignibus,

266 419 472 502 Montemque
494 416 713 501 *lymphatam
735 415 912 483 Mareotico

311 506 449 591 Redegit
471 507 506 570 in
528 528 621 570 veros
644 506 776 570 timores

357 593 484 679 Caesar,
509 594 548 657 ab
571 592 666 658 Italia
687 593 851 658 volantem

267 735 379 800 Remis
402 736 596 821 adurguens,
619 735 771 819 accipiter
792 735 885 800 velut

267 823 383 890 Molles
406 823 569 888 columbas
592 826 648 887 aut
669 824 811 907 leporem
836 824 920 889 citus

312 912 456 977 Venator
477 912 511 976 in
535 912 655 995 campis
678 911 793 976 nivalis

356 999 566 1084 Haemoniae,
590 1001 680 1064 daret
701 1002 738 1063 ut
762 999 885 1064 catenis

267 1140 378 1206 Fatale
401 1145 589 1205 monstrum.
632 1139 719 1217 Quae
742 1141 933 1225 generosius

268 1229 377 1294 Perire
401 1251 555 1314 quaerens
577 1250 636 1293 nec
658 1228 860 1293 muliebriter

311 1317 453 1402 Expavit
475 1339 583 1382 ensem
605 1339 663 1381 neo
684 1316 821 1382 latentes

360 1404 467 1472 Classe
490 1407 553 1470 cite
575 1405 754 1489 †reparavit
775 1427 858 1470 oras.

269 1545 359 1611 Ausa
382 1551 414 1611 et
436 1548 592 1611 iacentem
614 1547 716 1610 visere
738 1546 862 1630 regiam

269 1635 370 1700 Voltu
393 1657 518 1719 sereno,
540 1634 634 1698 fortis
658 1637 690 1698 et
713 1655 841 1718 asperas

313 1723 463 1788 Tractare
486 1725 663 1807 serpentes,
685 1725 723 1786 ut
745 1725 852 1786 atrum

358 1809 497 1895 Corpore
520 1811 704 1875 conbiberet
724 1832 897 1897 venenum,

269 1951 454 2016 Deliberata
475 1955 577 2017 morte
600 1951 749 2036 ferocior;

272 2038 381 2104 Saeuis
402 2039 554 2104 Liburnis
577 2039 698 2105 scilicet
720 2039 867 2104 invidens

312 2127 444 2192 Privata
466 2128 578 2193 deduci
601 2128 738 2211 superbo

356 2215 432 2282 Non
454 2215 587 2280 humilis
609 2215 724 2280 mulier
746 2215 922 2300 triumpho.

504 2531 685 2597 XXXVIII.

268 2656 413 2722 Persicos
437 2657 503 2741 odi,
526 2678 617 2740 puer,
640 2657 825 2741 adparatus,

268 2745 449 2829 Displicent
471 2767 571 2809 nexae
592 2743 720 2828 philyra
742 2765 891 2830 coronae,

269 2832 363 2898 Mitte
387 2833 514 2917 sectari,
536 2854 610 2896 rosa
633 2854 695 2916 quo
718 2831 862 2897 locorum

315 2920 393 2986 Sera
414 2924 564 2985 moretur.

271 3061 417 3146 Simplici
439 3065 546 3144 myrto
569 3060 651 3124 nihil
674 3061 839 3126 adlabores

272 3149 407 3215 Sedulus
432 3171 521 3215 curo:
544 3170 646 3233 neque
669 3153 701 3214 te
724 3149 910 3214 ministrum

268 3237 408 3304 Dedecet
431 3242 556 3322 myrtus
580 3259 682 3323 neque
704 3260 756 3302 me
778 3239 838 3303 sub
862 3243 934 3304 arta

314 3325 390 3391 Vite
412 3327 584 3392 bibentem.
