2370 4028
74 221 143 294 Ἦ-]
482 222 599 276 LIBER.
979 223 1040 287 121

123 365 193 430 Sub
215 365 294 430 haec
315 386 396 449 puer
418 366 482 430 iam
504 388 584 451 non,
606 371 643 431 ut
665 371 753 451 ante,
775 367 926 431 mollibus
1015 427 1020 436 .

168 453 283 518 Lenire
304 453 411 517 verbis
434 454 538 537 inpias
543 504 553 537 ,

123 541 188 606 Sed
210 541 328 605 dubius
349 542 434 605 unde
455 546 618 625 rumperet
639 542 818 627 silentium,
1008 557 1041 606 85

168 629 260 694 Misit
282 629 459 713 Thyesteas
480 652 603 714 preces:

123 717 268 783 ‘Venena
288 739 384 802 maga
405 741 470 783 non
491 719 541 782 fas
563 719 728 802 nefasque,
749 740 816 782 non
837 718 946 783 valent

169 805 361 871 Convertere
382 807 556 871 humanam
578 807 688 871 vicem.

121 895 213 960 Diris
236 915 330 979 agam
352 916 423 979 vos3
446 895 516 958 dira
537 894 706 959 detestatio

167 982 269 1049 Nulla
290 983 438 1067 expietur
458 983 598 1047 victima
1007 999 1041 1047 ec

123 1071 223 1156 Quin,
244 1071 301 1136 ubi
322 1072 427 1155 perire
449 1071 556 1135 iussus
577 1072 794 1155 exspiravere,

167 1159 354 1226 Nocturnus
378 1180 541 1225 occurram
563 1159 680 1243 Furor,

121 1248 299 1332 Petamque
320 1248 429 1312 voltus
449 1247 565 1311 umbra
587 1248 693 1312 curvis
714 1247 890 1332 unguibus,

168 1336 257 1412 Quae
278 1336 329 1399 vis
351 1336 515 1400 deorumst
536 1334 694 1418 Manium,

120 1424 167 1489 Et
190 1424 342 1508 inquietis
365 1423 514 1489 adsidens
534 1424 728 1507 praecordiis
1007 1441 1041 1488 95

168 1513 292 1577 Pavore
315 1533 445 1576 somnos
468 1511 618 1576 auferam.

121 1600 192 1665 Vos
213 1600 310 1664 turba
330 1600 462 1664 vicatim
482 1599 560 1664 hine
582 1604 615 1664 et
635 1599 712 1663 hinc
734 1600 821 1663 saxis
843 1604 955 1684 petens

168 1688 351 1753 Contundet
373 1688 526 1753 obscenm
549 1709 642 1771 enus;

119 1776 203 1842 Post
224 1777 387 1860 insepulta
407 1776 552 1840 membra
573 1776 721 1840 different
742 1774 812 1859 lupi

165 1865 212 1929 Et
233 1864 439 1949 †Esquilinae
462 1864 568 1947 alitos,
990 1880 1041 1928 100

119 1953 236 2037 Neque
257 1953 321 2018 hoc
341 1955 502 2037 parentes,
525 1951 589 2016 heu
611 1951 693 2015 mihi
715 1952 918 2035 superstites,

165 2041 329 2124 Effugerit
350 2039 590 2125 spectaculum!

458 2271 618 2280 -———

512 2443 567 2507 Vi

121 2570 207 2648 Quid
229 2570 422 2634 inmerentes
443 2567 589 2653 hospites
611 2589 722 2652 vexas,
744 2569 831 2634 canis

166 2657 308 2743 Ignarus
330 2657 497 2721 adversum
519 2655 636 2739 lupos?

121 2746 208 2823 Quin
229 2745 293 2810 huc
315 2745 438 2828 inanes,
461 2744 489 2808 si
510 2748 618 2827 potes,
639 2744 739 2808 vertis
761 2743 880 2827 minas,

165 2834 212 2898 Et
233 2855 285 2897 me
307 2854 524 2897 remorsurum
545 2831 651 2914 petis?

119 2921 207 2988 Nam
230 2921 334 3005 qualis
357 2924 414 2984 aut
434 2918 595 2984 Molossus
618 2924 674 2984 aut
695 2919 804 2983 fulvus
824 2918 923 3003 Laco,
1024 2937 1040 2983 5

165 3010 282 3074 Amice
302 3008 353 3073 ris
374 3007 572 3092 pastoribus,

119 3098 228 3183 Agam
249 3119 308 3180 per
329 3095 411 3160 altas
434 3117 510 3159 aure
532 3095 659 3159 sublate
680 3096 784 3178 niveS,

166 3186 391 3269 Quaecumque
412 3185 580 3267 praecedet
601 3184 683 3266 fera;

118 3276 183 3358 Tu,
206 3296 280 3339 cum
301 3273 445 3338 timenda
465 3293 543 3336 voce
566 3271 734 3354 complesti
756 3293 883 3357 nemus,

163 3362 349 3428 Proiectum
372 3360 515 3426 odoraris
538 3360 654 3424 cibum.
1007 3376 1040 3423 10

118 3453 217 3535 Cave,
240 3472 329 3516 cave:
351 3470 489 3533 namque
512 3449 546 3512 in
569 3447 672 3512 malos
695 3448 889 3531 mperrimus

162 3541 283 3606 Parata
304 3539 385 3604 tollo
408 3560 535 3621 cornua,
