2370 4028
89 195 115 250 X
452 193 733 250 PROLHGOMENA.

89 366 165 421 rum,
189 344 269 420 2226
287 344 411 403 variatis
430 346 547 404 constat
565 343 729 417 1222112112,
754 344 833 401 2212
850 343 896 402 his
915 341 1095 418 depellendis

90 443 126 492 ut
147 434 257 509 peritia
279 433 399 492 Horatii
420 451 529 509 magna
552 433 596 490 ita
619 432 681 490 acri
699 451 773 507 opus
798 434 843 490 est
865 431 977 508 ingenii
998 431 1095 488 inten-

89 523 180 597 tione,
202 522 254 581 sed
275 525 311 579 22
333 541 370 580 22
393 521 435 580 212
459 521 578 595 2216221
601 538 716 595 semper
738 520 833 595 possis
855 521 952 578 vitare
974 537 1095 578 errores

91 609 155 679 Quo
182 610 215 668 in
241 610 363 687 negotio
389 609 539 667 interdum
565 609 717 683 iuvamur,
740 609 791 666 sed
813 628 873 667 non
895 626 1021 682 semper,
1045 606 1095 665 ob-

91 701 208 758 servato
238 718 320 758 more
353 697 543 756 librariorum
574 696 774 755 substituendi
809 695 961 755 vocabulis
996 695 1095 752 121222

90 787 210 845 22122212
245 786 302 845 121
329 784 598 846 constructionibus
633 785 795 845 rarioribus
830 784 925 860 magis
962 785 1034 842 nota
1066 787 1096 840 et

91 874 266 949 communia,
289 874 385 933 veluti
407 892 475 932 2212
497 873 659 932 scriberent
681 874 746 932 sede
767 892 821 947 pro
844 875 915 944 622,
939 874 1019 930 tauri
1040 891 1095 946 pro

90 966 223 1031 monstri,
250 965 326 1021 21222
357 981 411 1037 ,112
444 979 586 1030 summae,
614 963 705 1020 uictas
731 980 785 1036 pro
813 964 918 1032 fleres,
948 977 1097 1032 repressae

90 1070 144 1127 pro
171 1053 306 1118 revictae,
324 1067 402 1123 poree
428 1050 876 1125 ,1122222222112221211212
902 1049 999 1121 decep
998 1051 1096 1105 cm

88 1143 243 1214 patetpro
266 1135 468 1212 ttccpeere[
486 1137 525 1211 H,
547 1138 596 1211 18,
616 1139 671 1210 30,
698 1137 753 1212 ΠΙ,
772 1139 823 1212 27,
842 1137 898 1209 48,
920 1136 972 1211 IV,
993 1138 1020 1210 7,
1041 1138 1096 1207 17,

93 1230 121 1303 6
141 1229 196 1300 21
220 1229 253 1302 4
273 1227 328 1300 24
351 1224 410 1300 ΙΠ,
430 1226 480 1300 15
500 1227 533 1297 2
556 1228 611 1283 sat.
629 1225 672 1299 H,
692 1227 710 1283 2
717 1221 810 1301 ,30].
844 1224 907 1282 Nec
933 1243 993 1282 222
1016 1242 1095 1281 21121

90 1315 165 1372 lium
186 1269 328 1374 locdrum
337 1314 417 1372 mala
435 1269 638 1372 recordatione
656 1313 819 1388 turbatum,
841 1315 877 1370 ut
900 1331 923 1370 c.
942 1312 981 1387 H,
996 1315 1025 1386 6,
1040 1314 1095 1383 24,

90 1403 142 1478 IV,
164 1405 191 1477 1,
209 1405 259 1462 20.

178 1490 281 1566 Atque
311 1490 401 1549 etiam
429 1489 518 1547 metri
547 1507 649 1564 causa,
678 1489 704 1546 si
733 1488 777 1546 dis
808 1489 918 1564 placet,
950 1487 1097 1562 quaedam

92 1582 162 1637 sunt
180 1580 292 1639 novata
309 1597 328 1636 a
344 1577 473 1636 librariis
486 1577 615 1636 Horatii.
648 1575 691 1635 cf.
705 1576 867 1652 Perlcamp.
886 1575 985 1651 adep.
1002 1578 1030 1650 2,
1045 1577 1096 1634 23.

179 1666 226 1724 Ab
248 1667 294 1724 his
317 1666 418 1742 igitur,
442 1683 517 1741 quas
537 1664 667 1740 exposui,
691 1665 866 1739 corruptelis
890 1665 990 1722 nullus
1009 1667 1099 1722 vacat

93 1754 211 1814 omnino
239 1754 330 1814 codex
355 1754 487 1829 Horatii,
514 1772 551 1812 ne
578 1752 729 1810 Blandinii
753 1752 884 1827 2216212,
915 1770 1098 1827 2221222212

94 1861 170 1918 2222
200 1861 279 1900 nune
308 1861 344 1899 ex
371 1841 412 1900 eis
441 1842 634 1917 proferuntur
664 1841 797 1916 exempla
823 1840 1098 1916 interpolationum,

92 1930 251 1989 maximam
273 1932 390 2005 partem
413 1932 479 1988 orta
502 1946 564 1987 esse
588 1928 723 1988 existimo
750 1928 939 2005 neglegentia
963 1926 1098 2002 Oruquii,

94 2018 160 2094 qui,
184 2018 264 2092 2226
287 2017 378 2075 221212
399 2017 552 2075 Β22212122
575 2016 692 2077 2222112
717 2012 844 2091 [26222.
867 2016 895 2092 Ι,
915 2017 943 2090 6,
963 2013 1029 2091 68],
1052 2017 1097 2073 in-

92 2106 210 2164 terdum
236 2106 268 2163 in
296 2105 486 2164 discernenda
512 2105 609 2179 prima
636 2107 665 2163 et
692 2104 820 2162 secunda
848 2123 940 2162 manu
963 2104 1098 2163 codicum

93 2213 201 2269 parum
222 2193 380 2270 diligenter
402 2192 521 2251 videtur
544 2210 605 2251 2222
627 2195 771 2251 versatus.

180 2281 236 2340 His
259 2280 399 2356 expositis
426 2281 551 2355 apparet
573 2281 604 2338 et
626 2280 776 2339 difficilem
802 2279 952 2338 interdum
979 2282 1009 2338 22
1035 2280 1097 2355 ,112-

93 2389 221 2444 1212222
246 2387 354 2444 ,121212
375 2368 562 2428 fructuosum
585 2386 647 2427 esse
669 2368 800 2426 laborem
823 2387 859 2426 ex
887 2367 1098 2444 dittographiis

93 2457 265 2518 Horatianis
296 2456 390 2532 ipsius
419 2459 526 2532 poetae
554 2455 645 2516 verba
673 2454 858 2515 restituendi.
902 2456 981 2514 Nam
1009 2457 1097 2532 longe

93 2547 251 2622 plerasque
278 2545 460 2620 corruptelas
484 2547 514 2604 et
540 2544 797 2620 interpolationes,
826 2542 933 2620 quibus
960 2544 1098 2603 laborant

93 2634 212 2694 Horatii
225 2633 365 2708 carmina,
379 2633 482 2708 primis
496 2632 688 2710 septuaginta
701 2634 770 2708 post
786 2635 912 2691 mortem
931 2631 994 2690 eius
1013 2631 1097 2689 annis

93 2722 245 2797 irrepsisse
272 2721 303 2779 in
330 2721 394 2780 eius
422 2720 535 2781 codices
564 2723 595 2778 et
622 2720 693 2780 olim
719 2719 780 2777 dixi
807 2738 903 2795 neque
932 2739 1097 2778 11222222-

93 2811 219 2868 tentiam
240 2811 333 2868 muto.

180 2897 261 2956 Istae
282 2916 352 2957 vero
372 2896 559 2974 corruptelae
581 2895 731 2955 interdum
753 2898 904 2955 22222212
926 2913 1040 2973 graves,
1062 2899 1098 2953 ut

93 3003 196 3044 sensus
218 2986 306 3060 plane
329 2985 496 3045 contrarius
515 2984 551 3059 ei,
575 2984 628 3060 qui
651 2984 788 3061 exigitur,
811 2983 984 3042 exhibeatur
1005 2984 1096 3040 tradi-

93 3074 175 3132 tione
197 3073 353 3148 librorum,
376 3073 473 3131 veluti
496 3091 519 3131 o.
537 3072 592 3148 HI,
613 3074 641 3147 6,
661 3074 716 3146 22,
741 3074 790 3146 14,
811 3074 852 3131 10
866 3090 923 3148 22,
947 3090 991 3146 ep.
1010 3071 1048 3146 H,
1069 3076 1097 3146 3,

96 3163 168 3220 128.
191 3161 232 3219 112
253 3162 329 3220 22122
354 3160 474 3236 quidem
495 3161 644 3221 12212222
665 3160 849 3237 paucissimi3
872 3162 976 3221 contra
997 3161 1097 3234 plures

92 3252 156 3307 tam
183 3249 315 3327 graviter
337 3249 504 3324 depravati,
526 3252 563 3307 ut
586 3251 758 3308 contentum
780 3266 883 3307 sensus
909 3266 1098 3323 recuperasse

92 3336 213 3396 Horatii
236 3337 272 3396 de
294 3336 392 3395 verbis
414 3337 605 3396 restituendis
629 3339 768 3412 oporteat
790 3337 953 3412 desperare.
993 3336 1029 3393 In
1052 3336 1098 3394 his

92 3425 187 3503 igitur
200 3424 364 3484 tractandis
383 3443 472 3483 suum
490 3425 616 3500 2212222
635 3427 778 3501 22222221
791 3425 947 3497 iudicium,
971 3427 1004 3482 at
1022 3442 1098 3498 quae

91 3515 161 3591 post
178 3513 305 3573 Neronis
326 3516 445 3588 tempus
462 3515 666 3587 provenerunt
684 3514 869 3587 corruptelae
888 3530 987 3574 omnes
1005 3531 1099 3587 paene
