2370 4028
495 233 691 290 cnnnnrvn
990 233 1018 306 [x

247 380 310 446 Sed
331 380 434 462 vides,
457 382 576 463 quanto
599 377 739 460 trepidet
762 377 919 442 tumultu

245 469 371 534 Pronus
395 465 502 531 Orion.
543 465 615 550 Ego
638 465 717 550 quid
741 466 786 529 sit
813 470 889 531 ater

244 557 384 621 Hadriae
406 555 482 619 novi
505 554 594 619 sinus
618 553 751 637 etquid
775 553 876 618 albus

290 645 404 710 Peeoet
426 642 536 727 Iapyx.

245 802 399 866 Hostium
422 822 537 865 uxores
560 799 715 883 puerique
737 821 854 865 caecos

248 890 394 956 Sentiant
416 891 524 953 motus
548 888 680 952 orientis
702 886 820 952 Austri
845 892 878 953 et

246 977 405 1063 Aequoris
429 977 514 1060 nigri
536 975 700 1041 fremitum
723 979 757 1040 et
778 980 956 1042 trementes

290 1066 431 1131 Verbere
454 1066 548 1149 ripas.

249 1215 302 1281 sie
325 1219 357 1280 et
378 1215 508 1298 Europe
530 1215 660 1278 niveum
682 1212 792 1277 doloso

248 1304 389 1368 Credidit
412 1307 504 1366 tauro
527 1301 612 1365 latus
635 1305 668 1365 et
690 1304 868 1366 scatentem

245 1392 356 1458 Belnis
378 1395 514 1476 pontum
536 1390 720 1474 mediasque
741 1389 872 1454 fraudes

291 1480 412 1544 Palluit
436 1478 547 1542 audax.

247 1628 360 1712 Nuper
382 1630 416 1692 in
438 1628 540 1712 pratis
563 1627 707 1692 studiosa
729 1628 846 1692 florum
869 1631 902 1692 et

248 1716 384 1782 Debitae
405 1715 567 1799 Nymphis
591 1715 699 1799 opifex
720 1738 856 1781 coronae

247 1804 352 1871 Noete
374 1804 530 1868 sublustri
553 1802 635 1867 nihil
657 1807 743 1868 astra
763 1808 891 1889 praeter

292 1893 383 1958 Vidit
406 1897 438 1956 et
460 1892 569 1956 undas.

248 2041 335 2120 Quae
359 2041 456 2106 simul
479 2045 607 2106 eentum
630 2041 738 2126 tetigit
760 2045 924 2124 potentem

248 2130 382 2216 Oppidis
406 2129 533 2213 Creten,
556 2129 671 2213 pater,
694 2151 712 2193 o
735 2129 888 2194 relietum

250 2217 352 2283 Filiae
374 2240 491 2284 nomen
512 2217 690 2301 pietasque'
713 2217 796 2282 dixit

292 2306 399 2372 ‘Victa
420 2306 536 2370 furore.

248 2454 341 2520 Vnde
364 2476 427 2539 quo
449 2455 545 2519 veni?
585 2453 680 2520 Levis
703 2475 767 2518 una
788 2476 877 2520 mors
900 2459 948 2521 est

248 2543 422 2628 Virginum
445 2544 564 2627 eulpae.
605 2541 793 2627 Vigilansne
815 2543 909 2626 ploro

248 2631 355 2716 Turpe
378 2632 572 2697 conmissum
596 2653 636 2694 an
658 2630 746 2695 vitiis
770 2635 931 2697 carentem

292 2719 391 2784 Ludit
413 2721 519 2804 imago

249 2868 354 2953 Vana,
378 2891 473 2953 qnam
495 2875 589 2952 porta
609 2868 736 2953 fugiens
759 2870 881 2933 eburna

249 2956 416 3023 Somnium
440 2957 547 3021 duoit‘?
587 2956 744 3021 Meliusne
767 2956 886 3024 fluetus

248 3044 299 3110 Ire
321 3068 378 3130 per
399 3045 514 3128 longos
536 3045 599 3109 fnit
621 3067 662 3109 an
683 3048 826 3110 recentes

294 3132 428 3217 Carpere
450 3133 566 3197 flores?

252 3281 360 3366 Siquis
383 3283 535 3347 infamem
557 3282 637 3346 mihi
659 3304 743 3347 nune
765 3282 938 3351 iuvencum

248 3370 354 3435 Dedat
376 3370 489 3454 iratae,
511 3370 649 3435 lacerare
671 3370 755 3435 ferro
779 3375 811 3436 et

248 3458 408 3543 Frangere
432 3459 534 3523 enitar
556 3459 650 3523 modo
673 3459 811 3524 multum
835 3463 936 3528 amati

294 3545 420 3613 Cornua
441 3548 585 3612 monstri.
