<?xml version="1.0" encoding="UTF-8"?>
<!DOCTYPE html PUBLIC "-//W3C//DTD XHTML 1.0 Transitional//EN"
    "http://www.w3.org/TR/xhtml1/DTD/xhtml1-transitional.dtd">
<html xmlns="http://www.w3.org/1999/xhtml" xml:lang="en" lang="en">
 <head>
  <title>
</title>
<meta http-equiv="Content-Type" content="text/html;charset=utf-8" />
  <meta name='ocr-system' content='tesseract 3.04.00' />
  <meta name='ocr-capabilities' content='ocr_page ocr_carea ocr_par ocr_line ocrx_word'/>
</head>
<body>
  <div class='ocr_page' id='page_1' title='image "./qhoratiusflacci01horagoog_0236.png"; bbox 0 0 2370 4028; ppageno 0'>
   <div class='ocr_carea' id='block_1_1' title="bbox 346 241 931 307">
    <p class='ocr_par' dir='ltr' id='par_1_1' title="bbox 346 241 931 307">
     <span class='ocr_line' id='line_1_1' title="bbox 346 241 931 307; baseline 0 -13"><span class='ocrx_word' id='word_1_1' title='bbox 346 241 454 296; x_wconf 82' lang='lat' dir='ltr'>LIBER</span> <span class='ocrx_word' id='word_1_2' title='bbox 471 242 507 297; x_wconf 89' lang='lat' dir='ltr'><strong>H.</strong></span> <span class='ocrx_word' id='word_1_3' title='bbox 867 244 931 307; x_wconf 77' lang='lat'><strong>175</strong></span> 
     </span>
    </p>
   </div>
   <div class='ocr_carea' id='block_1_2' title="bbox 64 385 1000 3471">
    <p class='ocr_par' dir='ltr' id='par_1_2' title="bbox 65 385 840 560">
     <span class='ocr_line' id='line_1_2' title="bbox 65 385 800 470; baseline 0.004 -23"><span class='ocrx_word' id='word_1_4' title='bbox 65 388 123 448; x_wconf 90' lang='lat' dir='ltr'><strong>tus</strong></span> <span class='ocrx_word' id='word_1_5' title='bbox 147 387 204 448; x_wconf 91' lang='lat' dir='ltr'><strong>aut</strong></span> <span class='ocrx_word' id='word_1_6' title='bbox 225 406 317 449; x_wconf 90' lang='lat' dir='ltr'><strong>renes</strong></span> <span class='ocrx_word' id='word_1_7' title='bbox 340 385 452 450; x_wconf 89' lang='lat' dir='ltr'><strong>morbo</strong></span> <span class='ocrx_word' id='word_1_8' title='bbox 476 389 676 470; x_wconf 74' lang='lat' dir='ltr'><strong>temptentur</strong></span> <span class='ocrx_word' id='word_1_9' title='bbox 698 391 800 452; x_wconf 86' lang='lat' dir='ltr'><strong>acuto.</strong></span> 
     </span>
     <span class='ocr_line' id='line_1_3' title="bbox 65 473 840 560; baseline 0.005 -24"><span class='ocrx_word' id='word_1_10' title='bbox 65 473 241 556; x_wconf 69' lang='lat' dir='ltr'><strong>aperturus</strong></span> <span class='ocrx_word' id='word_1_11' title='bbox 263 495 366 558; x_wconf 87' lang='lat' dir='ltr'><strong>neque</strong></span> <span class='ocrx_word' id='word_1_12' title='bbox 390 474 550 559; x_wconf 91' lang='lat' dir='ltr'><strong>sordidus,</strong></span> <span class='ocrx_word' id='word_1_13' title='bbox 573 475 708 540; x_wconf 82' lang='lat' dir='ltr'><strong>inmolet</strong></span> <span class='ocrx_word' id='word_1_14' title='bbox 731 474 840 560; x_wconf 80' lang='lat' dir='ltr'><strong>aequis</strong></span> 
     </span>
    </p>

    <p class='ocr_par' dir='ltr' id='par_1_3' title="bbox 65 560 1000 913">
     <span class='ocr_line' id='line_1_4' title="bbox 66 560 1000 646; baseline 0.002 -20"><span class='ocrx_word' id='word_1_15' title='bbox 66 583 140 626; x_wconf 90' lang='lat' dir='ltr'><strong>cum</strong></span> <span class='ocrx_word' id='word_1_16' title='bbox 161 560 312 646; x_wconf 81' lang='lat' dir='ltr'><strong>Laribus3</strong></span> <span class='ocrx_word' id='word_1_17' title='bbox 335 584 446 626; x_wconf 83' lang='lat' dir='ltr'><strong>verum</strong></span> <span class='ocrx_word' id='word_1_18' title='bbox 470 563 660 628; x_wconf 88' lang='lat' dir='ltr'><strong>ambitiosus</strong></span> <span class='ocrx_word' id='word_1_19' title='bbox 683 567 717 628; x_wconf 88' lang='lat' dir='ltr'><strong>et</strong></span> <span class='ocrx_word' id='word_1_20' title='bbox 740 564 855 628; x_wconf 86' lang='lat' dir='ltr'><strong>audax:</strong></span> <span class='ocrx_word' id='word_1_21' title='bbox 949 579 1000 629; x_wconf 80' lang='lat'><strong>165</strong></span> 
     </span>
     <span class='ocr_line' id='line_1_5' title="bbox 83 649 876 736; baseline 0.004 -23"><span class='ocrx_word' id='word_1_22' title='bbox 83 649 283 733; x_wconf 74' lang='lat' dir='ltr'><strong>Anticyram.</strong></span> <span class='ocrx_word' id='word_1_23' title='bbox 325 649 409 726; x_wconf 84' lang='lat' dir='ltr'><strong>Quid</strong></span> <span class='ocrx_word' id='word_1_24' title='bbox 432 651 517 715; x_wconf 88' lang='lat' dir='ltr'><strong>enirn</strong></span> <span class='ocrx_word' id='word_1_25' title='bbox 541 651 660 736; x_wconf 86' lang='lat' dir='ltr'><strong>differt,</strong></span> <span class='ocrx_word' id='word_1_26' title='bbox 682 651 876 716; x_wconf 80' lang='lat' dir='ltr'><strong>barathrone</strong></span> 
     </span>
     <span class='ocr_line' id='line_1_6' title="bbox 65 737 870 824; baseline 0.005 -23"><span class='ocrx_word' id='word_1_27' title='bbox 65 738 209 822; x_wconf 68' lang='lat' dir='ltr'><strong>quidquid</strong></span> <span class='ocrx_word' id='word_1_28' title='bbox 231 737 330 803; x_wconf 91' lang='lat' dir='ltr'><strong>habes</strong></span> <span class='ocrx_word' id='word_1_29' title='bbox 353 761 394 802; x_wconf 88' lang='lat' dir='ltr'><strong>an</strong></span> <span class='ocrx_word' id='word_1_30' title='bbox 416 761 592 824; x_wconf 87' lang='lat' dir='ltr'><strong>numquam</strong></span> <span class='ocrx_word' id='word_1_31' title='bbox 615 743 705 804; x_wconf 88' lang='lat' dir='ltr'><strong>utare</strong></span> <span class='ocrx_word' id='word_1_32' title='bbox 728 740 870 824; x_wconf 80' lang='lat' dir='ltr'><strong>paratis?</strong></span> 
     </span>
     <span class='ocr_line' id='line_1_7' title="bbox 76 823 738 913; baseline 0.006 -24"><span class='ocrx_word' id='word_1_33' title='bbox 76 823 234 910; x_wconf 85' lang='lat' dir='ltr'><strong>Oppidius</strong></span> <span class='ocrx_word' id='word_1_34' title='bbox 258 825 375 891; x_wconf 78' lang='lat' dir='ltr'><strong>Canusi</strong></span> <span class='ocrx_word' id='word_1_35' title='bbox 399 828 461 892; x_wconf 91' lang='lat' dir='ltr'><strong>duo</strong></span> <span class='ocrx_word' id='word_1_36' title='bbox 484 828 627 913; x_wconf 88' lang='lat' dir='ltr'><strong>praedia,</strong></span> <span class='ocrx_word' id='word_1_37' title='bbox 650 828 738 893; x_wconf 80' lang='lat' dir='ltr'><strong>dives</strong></span> 
     </span>
    </p>

    <p class='ocr_par' dir='ltr' id='par_1_4' title="bbox 65 915 999 1177">
     <span class='ocr_line' id='line_1_8' title="bbox 89 915 617 1000; baseline 0.004 -22"><span class='ocrx_word' id='word_1_38' title='bbox 89 936 199 998; x_wconf 90' lang='lat' dir='ltr'><strong>censu,</strong></span> <span class='ocrx_word' id='word_1_39' title='bbox 222 916 329 1000; x_wconf 82' lang='lat' dir='ltr'><strong>gnatis</strong></span> <span class='ocrx_word' id='word_1_40' title='bbox 353 915 469 980; x_wconf 72' lang='lat' dir='ltr'><strong>divisse</strong></span> <span class='ocrx_word' id='word_1_41' title='bbox 493 916 617 981; x_wconf 91' lang='lat' dir='ltr'><strong>duobus</strong></span> 
     </span>
     <span class='ocr_line' id='line_1_9' title="bbox 65 1002 999 1087; baseline 0.003 -21"><span class='ocrx_word' id='word_1_42' title='bbox 65 1002 192 1067; x_wconf 81' lang='lat' dir='ltr'><strong>ethaeo</strong></span> <span class='ocrx_word' id='word_1_43' title='bbox 215 1004 355 1067; x_wconf 89' lang='lat' dir='ltr'><strong>moriens</strong></span> <span class='ocrx_word' id='word_1_44' title='bbox 377 1004 485 1087; x_wconf 90' lang='lat' dir='ltr'><strong>pueris</strong></span> <span class='ocrx_word' id='word_1_45' title='bbox 509 1004 628 1069; x_wconf 84' lang='lat' dir='ltr'><strong>dixisse</strong></span> <span class='ocrx_word' id='word_1_46' title='bbox 651 1005 773 1070; x_wconf 81' lang='lat' dir='ltr'><strong>vocatis</strong></span> <span class='ocrx_word' id='word_1_47' title='bbox 948 1021 999 1071; x_wconf 78' lang='lat'><strong>170</strong></span> 
     </span>
     <span class='ocr_line' id='line_1_10' title="bbox 65 1091 817 1177; baseline 0.004 -23"><span class='ocrx_word' id='word_1_48' title='bbox 65 1113 128 1154; x_wconf 90' lang='lat' dir='ltr'><strong>um:</strong></span> <span class='ocrx_word' id='word_1_49' title='bbox 152 1091 340 1176; x_wconf 73' lang='lat' dir='ltr'><strong>‘Postquam</strong></span> <span class='ocrx_word' id='word_1_50' title='bbox 363 1095 395 1156; x_wconf 89' lang='lat' dir='ltr'><strong>te</strong></span> <span class='ocrx_word' id='word_1_51' title='bbox 418 1092 515 1176; x_wconf 88' lang='lat' dir='ltr'><strong>talos,</strong></span> <span class='ocrx_word' id='word_1_52' title='bbox 538 1091 635 1175; x_wconf 91' lang='lat' dir='ltr'><strong>Aule,</strong></span> <span class='ocrx_word' id='word_1_53' title='bbox 657 1114 817 1177; x_wconf 89' lang='lat' dir='ltr'><strong>nucesque</strong></span> 
     </span>
    </p>

    <p class='ocr_par' dir='ltr' id='par_1_5' title="bbox 65 1178 654 1264">
     <span class='ocr_line' id='line_1_11' title="bbox 65 1178 654 1264; baseline 0.005 -22"><span class='ocrx_word' id='word_1_54' title='bbox 65 1201 113 1244; x_wconf 81' lang='lat' dir='ltr'><strong>¹nu</strong></span> <span class='ocrx_word' id='word_1_55' title='bbox 135 1178 224 1263; x_wconf 86' lang='lat' dir='ltr'><strong>laxo,</strong></span> <span class='ocrx_word' id='word_1_56' title='bbox 247 1180 364 1244; x_wconf 89' lang='lat' dir='ltr'><strong>donare</strong></span> <span class='ocrx_word' id='word_1_57' title='bbox 387 1183 420 1244; x_wconf 93' lang='lat' dir='ltr'><strong>et</strong></span> <span class='ocrx_word' id='word_1_58' title='bbox 442 1180 551 1245; x_wconf 87' lang='lat' dir='ltr'><strong>ludere</strong></span> <span class='ocrx_word' id='word_1_59' title='bbox 574 1181 654 1264; x_wconf 73' lang='lat' dir='ltr'><strong>vidi,</strong></span> 
     </span>
    </p>

    <p class='ocr_par' dir='ltr' id='par_1_6' title="bbox 65 1268 815 1354">
     <span class='ocr_line' id='line_1_12' title="bbox 65 1268 815 1354; baseline 0.001 -22"><span class='ocrx_word' id='word_1_60' title='bbox 65 1268 123 1351; x_wconf 88' lang='lat' dir='ltr'><strong>eri,</strong></span> <span class='ocrx_word' id='word_1_61' title='bbox 145 1289 326 1352; x_wconf 88' lang='lat' dir='ltr'><strong>numerare,</strong></span> <span class='ocrx_word' id='word_1_62' title='bbox 349 1269 434 1332; x_wconf 82' lang='lat' dir='ltr'><strong>cavis</strong></span> <span class='ocrx_word' id='word_1_63' title='bbox 459 1269 651 1334; x_wconf 83' lang='lat' dir='ltr'><strong>abscondere</strong></span> <span class='ocrx_word' id='word_1_64' title='bbox 674 1270 815 1354; x_wconf 86' lang='lat' dir='ltr'><strong>tristem,</strong></span> 
     </span>
    </p>

    <p class='ocr_par' dir='ltr' id='par_1_7' title="bbox 65 1356 665 1442">
     <span class='ocr_line' id='line_1_13' title="bbox 65 1356 665 1442; baseline 0.005 -23"><span class='ocrx_word' id='word_1_65' title='bbox 65 1407 81 1440; x_wconf 87' lang='lat'><strong>.,</strong></span> <span class='ocrx_word' id='word_1_66' title='bbox 103 1378 144 1420; x_wconf 92' lang='lat' dir='ltr'><strong>ne</strong></span> <span class='ocrx_word' id='word_1_67' title='bbox 166 1377 224 1420; x_wconf 84' lang='lat' dir='ltr'><strong>vos</strong></span> <span class='ocrx_word' id='word_1_68' title='bbox 248 1359 357 1441; x_wconf 83' lang='lat' dir='ltr'><strong>ageret</strong></span> <span class='ocrx_word' id='word_1_69' title='bbox 379 1357 508 1420; x_wconf 84' lang='lat' dir='ltr'><strong>vesania</strong></span> <span class='ocrx_word' id='word_1_70' title='bbox 531 1356 665 1442; x_wconf 89' lang='lat' dir='ltr'><strong>discors,</strong></span> 
     </span>
    </p>

    <p class='ocr_par' dir='ltr' id='par_1_8' title="bbox 65 1443 732 1529">
     <span class='ocr_line' id='line_1_14' title="bbox 65 1443 732 1529; baseline 0.004 -21"><span class='ocrx_word' id='word_1_71' title='bbox 65 1449 242 1529; x_wconf 84' lang='lat' dir='ltr'><strong>rentanam,</strong></span> <span class='ocrx_word' id='word_1_72' title='bbox 264 1448 301 1509; x_wconf 89' lang='lat' dir='ltr'><strong>tu</strong></span> <span class='ocrx_word' id='word_1_73' title='bbox 323 1467 364 1510; x_wconf 93' lang='lat' dir='ltr'><strong>ne</strong></span> <span class='ocrx_word' id='word_1_74' title='bbox 387 1466 555 1529; x_wconf 87' lang='lat' dir='ltr'><strong>sequerere</strong></span> <span class='ocrx_word' id='word_1_75' title='bbox 578 1443 732 1511; x_wconf 77' lang='lat' dir='ltr'><strong>Cicutam.</strong></span> 
     </span>
    </p>

    <p class='ocr_par' dir='ltr' id='par_1_9' title="bbox 65 1533 679 1619">
     <span class='ocr_line' id='line_1_15' title="bbox 65 1533 679 1619; baseline 0.007 -25"><span class='ocrx_word' id='word_1_76' title='bbox 65 1556 104 1597; x_wconf 64' lang='lat' dir='ltr'><strong>rer</strong></span> <span class='ocrx_word' id='word_1_77' title='bbox 127 1533 218 1597; x_wconf 85' lang='lat' dir='ltr'><strong>divos</strong></span> <span class='ocrx_word' id='word_1_78' title='bbox 242 1536 351 1597; x_wconf 90' lang='lat' dir='ltr'><strong>oratus</strong></span> <span class='ocrx_word' id='word_1_79' title='bbox 374 1537 508 1617; x_wconf 87' lang='lat' dir='ltr'><strong>uterque</strong></span> <span class='ocrx_word' id='word_1_80' title='bbox 530 1533 679 1619; x_wconf 90' lang='lat' dir='ltr'><strong>Penates,</strong></span> 
     </span>
    </p>

    <p class='ocr_par' dir='ltr' id='par_1_10' title="bbox 65 1621 725 1706">
     <span class='ocr_line' id='line_1_16' title="bbox 65 1621 725 1706; baseline 0.008 -26"><span class='ocrx_word' id='word_1_81' title='bbox 65 1644 130 1686; x_wconf 56' lang='lat' dir='ltr'><strong>ine</strong></span> <span class='ocrx_word' id='word_1_82' title='bbox 153 1621 292 1705; x_wconf 91' lang='lat' dir='ltr'><strong>minuas,</strong></span> <span class='ocrx_word' id='word_1_83' title='bbox 314 1625 351 1686; x_wconf 90' lang='lat' dir='ltr'><strong>tu</strong></span> <span class='ocrx_word' id='word_1_84' title='bbox 369 1643 409 1686; x_wconf 92' lang='lat' dir='ltr'><strong>ne</strong></span> <span class='ocrx_word' id='word_1_85' title='bbox 432 1621 535 1686; x_wconf 87' lang='lat' dir='ltr'><strong>maius</strong></span> <span class='ocrx_word' id='word_1_86' title='bbox 557 1621 656 1686; x_wconf 87' lang='lat' dir='ltr'><strong>facias</strong></span> <span class='ocrx_word' id='word_1_87' title='bbox 679 1622 725 1706; x_wconf 93' lang='lat' dir='ltr'><strong>id,</strong></span> 
     </span>
    </p>

    <p class='ocr_par' dir='ltr' id='par_1_11' title="bbox 65 1709 807 1793">
     <span class='ocr_line' id='line_1_17' title="bbox 65 1709 807 1793; baseline 0.003 -20"><span class='ocrx_word' id='word_1_88' title='bbox 65 1709 115 1774; x_wconf 76' lang='lat' dir='ltr'><strong>rtis</strong></span> <span class='ocrx_word' id='word_1_89' title='bbox 139 1731 208 1774; x_wconf 90' lang='lat' dir='ltr'><strong>esse</strong></span> <span class='ocrx_word' id='word_1_90' title='bbox 230 1713 324 1792; x_wconf 89' lang='lat' dir='ltr'><strong>putat</strong></span> <span class='ocrx_word' id='word_1_91' title='bbox 346 1713 437 1793; x_wconf 89' lang='lat' dir='ltr'><strong>pater</strong></span> <span class='ocrx_word' id='word_1_92' title='bbox 460 1713 492 1773; x_wconf 92' lang='lat' dir='ltr'><strong>et</strong></span> <span class='ocrx_word' id='word_1_93' title='bbox 513 1713 629 1774; x_wconf 90' lang='lat' dir='ltr'><strong>natura</strong></span> <span class='ocrx_word' id='word_1_94' title='bbox 652 1709 807 1776; x_wconf 88' lang='lat' dir='ltr'><strong>cohercet.</strong></span> 
     </span>
    </p>

    <p class='ocr_par' dir='ltr' id='par_1_12' title="bbox 65 1797 599 1882">
     <span class='ocr_line' id='line_1_18' title="bbox 65 1797 599 1882; baseline 0.002 -21"><span class='ocrx_word' id='word_1_95' title='bbox 65 1821 90 1862; x_wconf 72' lang='lat' dir='ltr'><strong>ea</strong></span> <span class='ocrx_word' id='word_1_96' title='bbox 112 1820 151 1862; x_wconf 89' lang='lat' dir='ltr'><strong>ne</strong></span> <span class='ocrx_word' id='word_1_97' title='bbox 175 1819 233 1862; x_wconf 81' lang='lat' dir='ltr'><strong>vos</strong></span> <span class='ocrx_word' id='word_1_98' title='bbox 256 1797 368 1862; x_wconf 88' lang='lat' dir='ltr'><strong>titillet</strong></span> <span class='ocrx_word' id='word_1_99' title='bbox 391 1797 507 1882; x_wconf 84' lang='lat' dir='ltr'><strong>gloria,</strong></span> <span class='ocrx_word' id='word_1_100' title='bbox 530 1799 599 1863; x_wconf 89' lang='lat' dir='ltr'><strong>iure</strong></span> 
     </span>
    </p>

    <p class='ocr_par' dir='ltr' id='par_1_13' title="bbox 65 1885 998 2058">
     <span class='ocr_line' id='line_1_19' title="bbox 82 1885 998 1971; baseline 0.001 -20"><span class='ocrx_word' id='word_1_101' title='bbox 82 1886 283 1971; x_wconf 79' lang='lat' dir='ltr'><strong>obstringam</strong></span> <span class='ocrx_word' id='word_1_102' title='bbox 306 1886 413 1950; x_wconf 90' lang='lat' dir='ltr'><strong>ambo:</strong></span> <span class='ocrx_word' id='word_1_103' title='bbox 436 1889 509 1950; x_wconf 90' lang='lat' dir='ltr'><strong>uter</strong></span> <span class='ocrx_word' id='word_1_104' title='bbox 531 1885 642 1950; x_wconf 90' lang='lat' dir='ltr'><strong>aedilis</strong></span> <span class='ocrx_word' id='word_1_105' title='bbox 664 1886 802 1951; x_wconf 79' lang='lat' dir='ltr'><strong>fueritve</strong></span> <span class='ocrx_word' id='word_1_106' title='bbox 946 1903 998 1952; x_wconf 83' lang='lat'><strong>180</strong></span> 
     </span>
     <span class='ocr_line' id='line_1_20' title="bbox 65 1973 786 2058; baseline 0.003 -20"><span class='ocrx_word' id='word_1_107' title='bbox 65 1998 73 2038; x_wconf 88' lang='grc' dir='ltr'>ι</span> <span class='ocrx_word' id='word_1_108' title='bbox 96 1979 238 2058; x_wconf 89' lang='lat' dir='ltr'><strong>praetor,</strong></span> <span class='ocrx_word' id='word_1_109' title='bbox 260 1973 289 2038; x_wconf 90' lang='lat' dir='ltr'><strong>is</strong></span> <span class='ocrx_word' id='word_1_110' title='bbox 312 1974 512 2051; x_wconf 87' lang='lat' dir='ltr'><strong>intestabilis</strong></span> <span class='ocrx_word' id='word_1_111' title='bbox 529 1978 562 2040; x_wconf 97' lang='lat' dir='ltr'><strong>et</strong></span> <span class='ocrx_word' id='word_1_112' title='bbox 585 1996 674 2039; x_wconf 89' lang='lat' dir='ltr'><strong>sacer</strong></span> <span class='ocrx_word' id='word_1_113' title='bbox 696 1975 786 2040; x_wconf 67' lang='lat' dir='ltr'><strong>esto?</strong></span> 
     </span>
    </p>

    <p class='ocr_par' dir='ltr' id='par_1_14' title="bbox 65 2062 820 2148">
     <span class='ocr_line' id='line_1_21' title="bbox 65 2062 820 2148; baseline 0 -20"><span class='ocrx_word' id='word_1_114' title='bbox 65 2086 81 2128; x_wconf 87' lang='lat' dir='ltr'><strong>e</strong></span> <span class='ocrx_word' id='word_1_115' title='bbox 105 2068 201 2146; x_wconf 91' lang='lat' dir='ltr'><strong>atque</strong></span> <span class='ocrx_word' id='word_1_116' title='bbox 224 2063 299 2127; x_wconf 88' lang='lat' dir='ltr'><strong>faba</strong></span> <span class='ocrx_word' id='word_1_117' title='bbox 320 2063 405 2127; x_wconf 90' lang='lat' dir='ltr'><strong>bona</strong></span> <span class='ocrx_word' id='word_1_118' title='bbox 426 2066 463 2127; x_wconf 88' lang='lat' dir='ltr'><strong>tu</strong></span> <span class='ocrx_word' id='word_1_119' title='bbox 486 2064 663 2148; x_wconf 84' lang='lat' dir='ltr'><strong>perdasque</strong></span> <span class='ocrx_word' id='word_1_120' title='bbox 684 2062 820 2148; x_wconf 77' lang='lat' dir='ltr'><strong>lupiniS,</strong></span> 
     </span>
    </p>

    <p class='ocr_par' dir='ltr' id='par_1_15' title="bbox 66 2150 784 2236">
     <span class='ocr_line' id='line_1_22' title="bbox 66 2150 784 2236; baseline 0.003 -21"><span class='ocrx_word' id='word_1_121' title='bbox 66 2152 136 2215; x_wconf 91' lang='lat' dir='ltr'><strong>tin</strong></span> <span class='ocrx_word' id='word_1_122' title='bbox 160 2152 243 2216; x_wconf 88' lang='lat' dir='ltr'><strong>circo</strong></span> <span class='ocrx_word' id='word_1_123' title='bbox 267 2151 404 2235; x_wconf 88' lang='lat' dir='ltr'><strong>spatiere</strong></span> <span class='ocrx_word' id='word_1_124' title='bbox 428 2155 460 2215; x_wconf 91' lang='lat' dir='ltr'><strong>et</strong></span> <span class='ocrx_word' id='word_1_125' title='bbox 483 2150 622 2216; x_wconf 88' lang='lat' dir='ltr'><strong>aheneus</strong></span> <span class='ocrx_word' id='word_1_126' title='bbox 644 2155 683 2216; x_wconf 91' lang='lat' dir='ltr'><strong>ut</strong></span> <span class='ocrx_word' id='word_1_127' title='bbox 705 2157 784 2236; x_wconf 89' lang='lat' dir='ltr'><strong>stes,</strong></span> 
     </span>
    </p>

    <p class='ocr_par' dir='ltr' id='par_1_16' title="bbox 65 2239 783 2325">
     <span class='ocr_line' id='line_1_23' title="bbox 65 2239 783 2325; baseline 0.003 -21"><span class='ocrx_word' id='word_1_128' title='bbox 65 2241 157 2325; x_wconf 77' lang='lat' dir='ltr'><strong>agris,</strong></span> <span class='ocrx_word' id='word_1_129' title='bbox 179 2239 284 2304; x_wconf 88' lang='lat' dir='ltr'><strong>nudus</strong></span> <span class='ocrx_word' id='word_1_130' title='bbox 306 2239 461 2322; x_wconf 91' lang='lat' dir='ltr'><strong>nummis,</strong></span> <span class='ocrx_word' id='word_1_131' title='bbox 483 2240 606 2324; x_wconf 91' lang='lat' dir='ltr'><strong>insane,</strong></span> <span class='ocrx_word' id='word_1_132' title='bbox 628 2240 783 2325; x_wconf 83' lang='lat' dir='ltr'><strong>paternis3</strong></span> 
     </span>
    </p>

    <p class='ocr_par' dir='ltr' id='par_1_17' title="bbox 65 2325 826 2501">
     <span class='ocr_line' id='line_1_24' title="bbox 71 2325 826 2413; baseline 0.003 -21"><span class='ocrx_word' id='word_1_133' title='bbox 71 2332 109 2393; x_wconf 91' lang='lat' dir='ltr'><strong>ut</strong></span> <span class='ocrx_word' id='word_1_134' title='bbox 130 2327 276 2412; x_wconf 82' lang='lat' dir='ltr'><strong>plausus,</strong></span> <span class='ocrx_word' id='word_1_135' title='bbox 299 2349 380 2412; x_wconf 90' lang='lat' dir='ltr'><strong>quos</strong></span> <span class='ocrx_word' id='word_1_136' title='bbox 401 2328 466 2391; x_wconf 82' lang='lat' dir='ltr'><strong>fert</strong></span> <span class='ocrx_word' id='word_1_137' title='bbox 487 2325 647 2413; x_wconf 83' lang='lat' dir='ltr'><strong>Agrippa,</strong></span> <span class='ocrx_word' id='word_1_138' title='bbox 668 2329 752 2394; x_wconf 82' lang='lat' dir='ltr'><strong>feras</strong></span> <span class='ocrx_word' id='word_1_139' title='bbox 775 2332 826 2412; x_wconf 89' lang='lat' dir='ltr'><strong>tu,</strong></span> 
     </span>
     <span class='ocr_line' id='line_1_25' title="bbox 65 2415 686 2501; baseline -0.003 -19"><span class='ocrx_word' id='word_1_140' title='bbox 65 2418 236 2501; x_wconf 83' lang='lat' dir='ltr'><strong>ingenuum</strong></span> <span class='ocrx_word' id='word_1_141' title='bbox 258 2415 369 2500; x_wconf 84' lang='lat' dir='ltr'><strong>volpes</strong></span> <span class='ocrx_word' id='word_1_142' title='bbox 392 2416 518 2480; x_wconf 88' lang='lat' dir='ltr'><strong>imitata</strong></span> <span class='ocrx_word' id='word_1_143' title='bbox 539 2415 686 2480; x_wconf 81' lang='lat' dir='ltr'><strong>leonem?</strong></span> 
     </span>
    </p>

    <p class='ocr_par' dir='ltr' id='par_1_18' title="bbox 77 2502 877 2588">
     <span class='ocr_line' id='line_1_26' title="bbox 77 2502 877 2588; baseline 0 -20"><span class='ocrx_word' id='word_1_144' title='bbox 77 2505 227 2570; x_wconf 86' lang='lat' dir='ltr'><strong>humasse</strong></span> <span class='ocrx_word' id='word_1_145' title='bbox 249 2505 328 2569; x_wconf 84' lang='lat' dir='ltr'><strong>velit</strong></span> <span class='ocrx_word' id='word_1_146' title='bbox 351 2503 496 2588; x_wconf 86' lang='lat' dir='ltr'><strong>Aiacem,</strong></span> <span class='ocrx_word' id='word_1_147' title='bbox 518 2502 646 2588; x_wconf 89' lang='lat' dir='ltr'><strong>Atrida,</strong></span> <span class='ocrx_word' id='word_1_148' title='bbox 668 2508 758 2569; x_wconf 85' lang='lat' dir='ltr'><strong>vetas</strong></span> <span class='ocrx_word' id='word_1_149' title='bbox 782 2504 877 2568; x_wconf 71' lang='lat' dir='ltr'><strong>eur‘i&#39;</strong></span> 
     </span>
    </p>

    <p class='ocr_par' dir='ltr' id='par_1_19' title="bbox 65 2591 926 2766">
     <span class='ocr_line' id='line_1_27' title="bbox 65 2591 926 2677; baseline 0 -20"><span class='ocrx_word' id='word_1_150' title='bbox 65 2595 116 2657; x_wconf 65' lang='lat' dir='ltr'><strong>m?</strong></span> <span class='ocrx_word' id='word_1_151' title='bbox 163 2591 232 2658; x_wconf 73' lang='lat' dir='ltr'><strong>‘Nil</strong></span> <span class='ocrx_word' id='word_1_152' title='bbox 253 2593 339 2657; x_wconf 90' lang='lat' dir='ltr'><strong>ultra</strong></span> <span class='ocrx_word' id='word_1_153' title='bbox 362 2614 479 2677; x_wconf 87' lang='lat' dir='ltr'><strong>quaero</strong></span> <span class='ocrx_word' id='word_1_154' title='bbox 502 2591 667 2675; x_wconf 66' lang='lat' dir='ltr'><strong>plebeius?</strong></span> <span class='ocrx_word' id='word_1_155' title='bbox 713 2591 769 2655; x_wconf 75' lang='lat' dir='ltr'><strong>‘Et</strong></span> <span class='ocrx_word' id='word_1_156' title='bbox 792 2614 926 2677; x_wconf 89' lang='lat' dir='ltr'><strong>aequam</strong></span> 
     </span>
     <span class='ocr_line' id='line_1_28' title="bbox 65 2680 814 2766; baseline -0.004 -19"><span class='ocrx_word' id='word_1_157' title='bbox 65 2682 187 2766; x_wconf 80' lang='lat' dir='ltr'><strong>perito3</strong></span> <span class='ocrx_word' id='word_1_158' title='bbox 210 2703 247 2745; x_wconf 92' lang='lat' dir='ltr'><strong>ac</strong></span> <span class='ocrx_word' id='word_1_159' title='bbox 269 2681 350 2745; x_wconf 92' lang='lat' dir='ltr'><strong>sicui</strong></span> <span class='ocrx_word' id='word_1_160' title='bbox 372 2681 483 2746; x_wconf 81' lang='lat' dir='ltr'><strong>videor</strong></span> <span class='ocrx_word' id='word_1_161' title='bbox 504 2702 569 2745; x_wconf 91' lang='lat' dir='ltr'><strong>non</strong></span> <span class='ocrx_word' id='word_1_162' title='bbox 592 2680 688 2764; x_wconf 89' lang='lat' dir='ltr'><strong>istus,</strong></span> <span class='ocrx_word' id='word_1_163' title='bbox 711 2680 814 2744; x_wconf 91' lang='lat' dir='ltr'><strong>inulto</strong></span> 
     </span>
    </p>

    <p class='ocr_par' dir='ltr' id='par_1_20' title="bbox 65 2768 996 2942">
     <span class='ocr_line' id='line_1_29' title="bbox 65 2768 996 2855; baseline 0.001 -21"><span class='ocrx_word' id='word_1_164' title='bbox 65 2771 141 2855; x_wconf 73' lang='lat' dir='ltr'><strong>quod</strong></span> <span class='ocrx_word' id='word_1_165' title='bbox 164 2769 263 2834; x_wconf 88' lang='lat' dir='ltr'><strong>sentit</strong></span> <span class='ocrx_word' id='word_1_166' title='bbox 284 2770 459 2854; x_wconf 67' lang='lat' dir='ltr'><strong>permitto?</strong></span> <span class='ocrx_word' id='word_1_167' title='bbox 499 2768 651 2832; x_wconf 74' lang='lat' dir='ltr'><strong>‘Maxime</strong></span> <span class='ocrx_word' id='word_1_168' title='bbox 673 2788 801 2853; x_wconf 80' lang='lat' dir='ltr'><strong>regum,</strong></span> <span class='ocrx_word' id='word_1_169' title='bbox 945 2785 996 2835; x_wconf 80' lang='lat'><strong>190</strong></span> 
     </span>
     <span class='ocr_line' id='line_1_30' title="bbox 68 2856 720 2942; baseline -0.005 -19"><span class='ocrx_word' id='word_1_170' title='bbox 68 2860 145 2923; x_wconf 87' lang='lat' dir='ltr'><strong>dent</strong></span> <span class='ocrx_word' id='word_1_171' title='bbox 168 2862 261 2942; x_wconf 90' lang='lat' dir='ltr'><strong>capta</strong></span> <span class='ocrx_word' id='word_1_172' title='bbox 283 2857 417 2922; x_wconf 85' lang='lat' dir='ltr'><strong>classem</strong></span> <span class='ocrx_word' id='word_1_173' title='bbox 441 2858 593 2922; x_wconf 87' lang='lat' dir='ltr'><strong>deducere</strong></span> <span class='ocrx_word' id='word_1_174' title='bbox 616 2856 720 2921; x_wconf 83' lang='lat' dir='ltr'><strong>Troia</strong></span> 
     </span>
    </p>

    <p class='ocr_par' dir='ltr' id='par_1_21' title="bbox 65 2944 732 3029">
     <span class='ocr_line' id='line_1_31' title="bbox 65 2944 732 3029; baseline -0.004 -18"><span class='ocrx_word' id='word_1_175' title='bbox 65 2947 195 3012; x_wconf 89' lang='lat' dir='ltr'><strong>nsulere</strong></span> <span class='ocrx_word' id='word_1_176' title='bbox 218 2950 250 3011; x_wconf 88' lang='lat' dir='ltr'><strong>et</strong></span> <span class='ocrx_word' id='word_1_177' title='bbox 272 2968 348 3010; x_wconf 85' lang='lat' dir='ltr'><strong>mox</strong></span> <span class='ocrx_word' id='word_1_178' title='bbox 371 2946 561 3029; x_wconf 90' lang='lat' dir='ltr'><strong>respondere</strong></span> <span class='ocrx_word' id='word_1_179' title='bbox 583 2944 732 3010; x_wconf 56' lang='lat' dir='ltr'><strong>licebit?</strong></span> 
     </span>
    </p>

    <p class='ocr_par' dir='ltr' id='par_1_22' title="bbox 65 3032 852 3118">
     <span class='ocr_line' id='line_1_32' title="bbox 65 3032 852 3118; baseline 0 -22"><span class='ocrx_word' id='word_1_180' title='bbox 65 3037 89 3100; x_wconf 71' lang='lat'><strong>=.&#39;</strong></span> <span class='ocrx_word' id='word_1_181' title='bbox 131 3034 207 3099; x_wconf 73' lang='lat' dir='ltr'><strong>‘Cur</strong></span> <span class='ocrx_word' id='word_1_182' title='bbox 229 3033 326 3118; x_wconf 85' lang='lat' dir='ltr'><strong>Aiax,</strong></span> <span class='ocrx_word' id='word_1_183' title='bbox 350 3033 444 3099; x_wconf 88' lang='lat' dir='ltr'><strong>heros</strong></span> <span class='ocrx_word' id='word_1_184' title='bbox 467 3034 507 3098; x_wconf 91' lang='lat' dir='ltr'><strong>ab</strong></span> <span class='ocrx_word' id='word_1_185' title='bbox 531 3032 659 3098; x_wconf 89' lang='lat' dir='ltr'><strong>Achille</strong></span> <span class='ocrx_word' id='word_1_186' title='bbox 682 3032 852 3118; x_wconf 90' lang='lat' dir='ltr'><strong>secundus,</strong></span> 
     </span>
    </p>

    <p class='ocr_par' dir='ltr' id='par_1_23' title="bbox 65 3120 673 3209">
     <span class='ocr_line' id='line_1_33' title="bbox 65 3120 673 3209; baseline -0.005 -20"><span class='ocrx_word' id='word_1_187' title='bbox 65 3175 74 3209; x_wconf 93' lang='lat'><strong>,</strong></span> <span class='ocrx_word' id='word_1_188' title='bbox 97 3124 216 3189; x_wconf 90' lang='lat' dir='ltr'><strong>totiens</strong></span> <span class='ocrx_word' id='word_1_189' title='bbox 240 3124 375 3187; x_wconf 86' lang='lat' dir='ltr'><strong>servatis</strong></span> <span class='ocrx_word' id='word_1_190' title='bbox 398 3122 502 3188; x_wconf 89' lang='lat' dir='ltr'><strong>clarus</strong></span> <span class='ocrx_word' id='word_1_191' title='bbox 525 3120 673 3206; x_wconf 85' lang='lat' dir='ltr'><strong>Achivis,</strong></span> 
     </span>
    </p>

    <p class='ocr_par' dir='ltr' id='par_1_24' title="bbox 64 3209 994 3384">
     <span class='ocr_line' id='line_1_34' title="bbox 85 3209 994 3296; baseline -0.003 -19"><span class='ocrx_word' id='word_1_192' title='bbox 85 3215 123 3277; x_wconf 93' lang='lat' dir='ltr'><strong>ut</strong></span> <span class='ocrx_word' id='word_1_193' title='bbox 143 3211 283 3296; x_wconf 90' lang='lat' dir='ltr'><strong>populus</strong></span> <span class='ocrx_word' id='word_1_194' title='bbox 304 3211 426 3275; x_wconf 88' lang='lat' dir='ltr'><strong>Priami</strong></span> <span class='ocrx_word' id='word_1_195' title='bbox 447 3210 658 3295; x_wconf 91' lang='lat' dir='ltr'><strong>Priamusque</strong></span> <span class='ocrx_word' id='word_1_196' title='bbox 681 3209 862 3294; x_wconf 91' lang='lat' dir='ltr'><strong>inhumato,</strong></span> <span class='ocrx_word' id='word_1_197' title='bbox 944 3226 994 3276; x_wconf 76' lang='lat'><strong>195</strong></span> 
     </span>
     <span class='ocr_line' id='line_1_35' title="bbox 64 3298 810 3384; baseline -0.004 -19"><span class='ocrx_word' id='word_1_198' title='bbox 64 3324 97 3365; x_wconf 93' lang='lat' dir='ltr'><strong>m</strong></span> <span class='ocrx_word' id='word_1_199' title='bbox 120 3304 170 3365; x_wconf 91' lang='lat' dir='ltr'><strong>tot</strong></span> <span class='ocrx_word' id='word_1_200' title='bbox 192 3301 322 3365; x_wconf 81' lang='lat' dir='ltr'><strong>iuvenes</strong></span> <span class='ocrx_word' id='word_1_201' title='bbox 345 3299 449 3384; x_wconf 91' lang='lat' dir='ltr'><strong>patrio</strong></span> <span class='ocrx_word' id='word_1_202' title='bbox 473 3320 602 3364; x_wconf 88' lang='lat' dir='ltr'><strong>caruere</strong></span> <span class='ocrx_word' id='word_1_203' title='bbox 625 3298 810 3382; x_wconf 82' lang='lat' dir='ltr'><strong>sepulcro?&#39;</strong></span> 
     </span>
    </p>

    <p class='ocr_par' dir='ltr' id='par_1_25' title="bbox 65 3386 870 3471">
     <span class='ocr_line' id='line_1_36' title="bbox 65 3386 870 3471; baseline -0.005 -17"><span class='ocrx_word' id='word_1_204' title='bbox 65 3391 151 3454; x_wconf 73' lang='lat' dir='ltr'><strong>vium</strong></span> <span class='ocrx_word' id='word_1_205' title='bbox 174 3390 305 3453; x_wconf 90' lang='lat' dir='ltr'><strong>insanus</strong></span> <span class='ocrx_word' id='word_1_206' title='bbox 327 3388 424 3452; x_wconf 88' lang='lat' dir='ltr'><strong>morti</strong></span> <span class='ocrx_word' id='word_1_207' title='bbox 448 3387 548 3471; x_wconf 89' lang='lat' dir='ltr'><strong>dedit,</strong></span> <span class='ocrx_word' id='word_1_208' title='bbox 570 3386 718 3452; x_wconf 90' lang='lat' dir='ltr'><strong>inclitum</strong></span> <span class='ocrx_word' id='word_1_209' title='bbox 741 3386 870 3452; x_wconf 85' lang='lat' dir='ltr'><strong>Vlixem</strong></span> 
     </span>
    </p>
   </div>
   <div class='ocr_carea' id='block_1_3' title="bbox 65 3475 838 3652">
    <p class='ocr_par' dir='ltr' id='par_1_26' title="bbox 65 3475 838 3652">
     <span class='ocr_line' id='line_1_37' title="bbox 65 3475 806 3544; baseline -0.007 -1"><span class='ocrx_word' id='word_1_210' title='bbox 65 3478 164 3544; x_wconf 80' lang='lat' dir='ltr'><strong>eleum</strong></span> <span class='ocrx_word' id='word_1_211' title='bbox 187 3500 252 3541; x_wconf 90' lang='lat' dir='ltr'><strong>una</strong></span> <span class='ocrx_word' id='word_1_212' title='bbox 274 3499 399 3541; x_wconf 87' lang='lat' dir='ltr'><strong>meeum</strong></span> <span class='ocrx_word' id='word_1_213' title='bbox 422 3499 456 3541; x_wconf 90' lang='lat' dir='ltr'><strong>se</strong></span> <span class='ocrx_word' id='word_1_214' title='bbox 480 3475 622 3541; x_wconf 89' lang='lat' dir='ltr'><strong>occidere</strong></span> <span class='ocrx_word' id='word_1_215' title='bbox 645 3475 806 3542; x_wconf 69' lang='lat' dir='ltr'><strong>clamans?</strong></span> 
     </span>
     <span class='ocr_line' id='line_1_38' title="bbox 65 3563 838 3652; baseline -0.006 -20"><span class='ocrx_word' id='word_1_216' title='bbox 65 3591 72 3632; x_wconf 87' lang='grc' dir='ltr'>ι</span> <span class='ocrx_word' id='word_1_217' title='bbox 95 3588 155 3652; x_wconf 91' lang='lat' dir='ltr'><strong>pro</strong></span> <span class='ocrx_word' id='word_1_218' title='bbox 178 3566 281 3631; x_wconf 85' lang='lat' dir='ltr'><strong>vitula</strong></span> <span class='ocrx_word' id='word_1_219' title='bbox 303 3567 420 3630; x_wconf 86' lang='lat' dir='ltr'><strong>statuis</strong></span> <span class='ocrx_word' id='word_1_220' title='bbox 443 3564 567 3630; x_wconf 88' lang='lat' dir='ltr'><strong>dulcem</strong></span> <span class='ocrx_word' id='word_1_221' title='bbox 590 3563 707 3629; x_wconf 90' lang='lat' dir='ltr'><strong>Aulide</strong></span> <span class='ocrx_word' id='word_1_222' title='bbox 730 3566 838 3628; x_wconf 90' lang='lat' dir='ltr'><strong>natam</strong></span> 
     </span>
    </p>
   </div>
   <div class='ocr_carea' id='block_1_4' title="bbox 0 0 1190 4028">
    <p class='ocr_par' dir='ltr' id='par_1_27' title="bbox 0 0 1190 4028">
     <span class='ocr_line' id='line_1_39' title="bbox 0 0 1190 4028; baseline 0 0"><span class='ocrx_word' id='word_1_223' title='bbox 0 0 1190 4028; x_wconf 95' lang='lat' dir='ltr'><strong> </strong></span> 
     </span>
    </p>
   </div>
  </div>
 </body>
</html>
