2370 4028
495 207 692 262 omnnem
856 206 1014 283 [nunni

246 349 310 414 Vel
333 350 400 415 sole
422 373 518 436 puro3
541 374 606 416 non
628 356 738 416 tamen
760 353 912 439 irritum,

248 438 476 523 Quodcumque
499 444 630 524 retrost‚
654 440 791 525 efficies,
815 464 924 527 neque

292 526 450 612 Diffinget
471 528 688 612 infectumque
710 528 840 616 reddet,

338 614 430 691 Quod
452 616 580 701 fugiens
603 617 702 681 semel
723 617 808 682 hora
830 619 931 684 vexit

247 763 391 829 Fortuna
413 788 507 830 saevo
530 766 615 830 laeta
636 767 767 851 negotio
792 772 827 832 et

247 852 375 917 Ludum
398 855 588 919 insolentem
610 854 719 919 ludere
741 857 896 940 pertinax

293 941 500 1007 Transmutat
522 943 661 1007 incertos
683 943 839 1029 honores,

335 1029 430 1095 Nune
452 1030 532 1094 mihi
556 1053 640 1096 nuno
662 1031 718 1096 alii
736 1032 888 1118 benigna

246 1178 356 1244 Laudo
380 1185 574 1265 manentem3
598 1181 626 1245 si
649 1180 766 1245 celeres
789 1183 904 1265 quatit·

247 1266 380 1353 Pinnas,
403 1269 530 1353 resigno
554 1291 634 1353 quae
658 1269 746 1333 dedit
768 1272 801 1333 et
823 1292 897 1334 mea

291 1355 421 1421 Virtute
444 1379 494 1421 me
517 1357 645 1421 involvo
668 1357 868 1441 probamque

336 1445 524 1529 Pauperiem
548 1445 616 1510 sine
639 1445 714 1509 dote
736 1467 866 1529 quaero.

246 1594 322 1659 Non
345 1599 394 1659 est
415 1617 535 1679 meum,
558 1595 586 1658 si
609 1595 733 1680 mugiat
754 1593 877 1660 Africis

247 1682 352 1746 Malus
375 1683 537 1767 procellis,
560 1683 754 1748 admiseras
777 1705 888 1767 preoes

291 1771 466 1836 Decurrere
489 1775 522 1836 et
543 1771 627 1835 votis
650 1772 780 1856 pacisci,

334 1858 385 1924 Ne
409 1857 543 1943 Cypriae
566 1858 744 1944 Tyriaeque
766 1882 889 1926 meroes

246 2007 377 2072 Addaut
400 2030 494 2073 avaro
518 2009 646 2074 diuitias
668 2010 763 2074 mari:

246 2096 328 2160 Tum
352 2119 402 2160 me
425 2096 556 2161 biremis
578 2098 736 2181 praesidio
760 2098 897 2181 scaphae

291 2184 410 2247 Tutum
432 2207 489 2268 per
511 2183 656 2269 Aegaeos
679 2186 838 2250 tumultus

334 2270 424 2336 Aura
445 2274 527 2337 feret
550 2274 759 2358 geminusque
781 2273 921 2339 Pollux?

542 2713 646 2778 XXX«

173 2836 278 2921 Exegi
300 2841 543 2902 monumentum
566 2859 637 2901 aere
660 2837 832 2920 perennius

173 2925 351 3010 Regalique
375 2926 440 2989 situ
462 2925 664 3009 pyramidum
689 2925 798 3008 altius,

174 3012 266 3089 Quod
288 3035 353 3077 non
376 3013 478 3077 imber
501 3013 593 3097 edax,
615 3035 680 3077 non
703 3013 812 3096 aquilo
835 3014 997 3100 impotens

172 3100 281 3165 Possit
304 3101 429 3166 diruere
452 3105 508 3164 aut
531 3101 771 3167 innumerabilis

102 3268 129 3316 δ’
173 3250 341 3316 Annorum
364 3253 462 3317 series
486 3257 519 3316 et
541 3251 619 3336 fuga
641 3256 830 3334 temporum.

171 3338 247 3404 Non
271 3341 374 3404 omnis
397 3341 517 3404 moriar
540 3340 704 3423 multaque
726 3361 800 3422 pars
823 3340 889 3404 mei

172 3427 299 3492 Vitabit
320 3428 509 3493 Libitinam:
532 3450 634 3512 usque
657 3450 717 3514 ego
740 3431 869 3511 postera

173 3514 321 3580 Cressam
343 3516 437 3581 laude
460 3538 583 3601 reeens,
607 3517 682 3580 dum
707 3514 902 3599 Capitolium
