2370 4028
341 160 449 214 LIBER
465 161 487 215 1.

84 325 179 369 voces
203 308 235 369 et
258 302 366 369 Circae
388 303 504 388 pocula
526 305 625 389 nosti3

75 413 148 457 cum
171 392 267 457 sociis
290 392 409 457 stultus
432 392 630 476 cupidusque
652 392 800 479 bibisset,

72 481 134 545 rina
155 484 257 545 meret
243 480 322 544 trice
343 480 458 545 fuisset
480 480 585 563 turpis
608 483 641 544 et
663 503 788 567 excors,
938 498 971 548 ao

80 569 168 634 canis
189 568 361 632 inmundus
383 567 436 633 vel
458 568 559 632 amica
580 567 649 633 luto
673 591 736 635 sus.

72 678 157 722 ierus
179 678 290 721 sumus
313 660 345 720 et
366 655 476 741 fruges
500 678 685 722 consumere
708 659 790 743 nati,

72 745 231 828 enelopae
252 743 428 809 nebulones
449 742 640 829 Alcinoique

72 832 209 898 curanda
230 833 303 916 plus
326 853 428 917 aequo
451 837 582 917 operata
603 833 766 920 iuventus,

72 920 166 986 hrum
187 921 283 985 fuit
274 943 308 985 ιιι
330 920 451 985 medios
475 921 613 986 dormire
636 921 704 987 dies
727 926 760 988 et

72 1010 159 1075 »itum
182 1009 322 1074 citharae
345 1012 522 1074 cessantem
545 1010 658 1075 ducere
682 1032 837 1075 somnum.

74 1102 129 1162 ent
150 1097 327 1182 hominem,
350 1101 486 1182 surgunt
508 1096 547 1162 de
568 1102 663 1164 nocte
685 1098 838 1165 latrones:

72 1207 144 1250 sum
167 1207 287 1270 serves,
309 1207 374 1250 non
397 1185 647 1288 expergisceris?
687 1186 790 1272 Atqui

72 1295 137 1426 ridell
137 1273 676 1446 11ιιῦιίιιιῦιυἷιὲιῗιιιιιζιὼοιιῖιιιιοιίιειιιιίιξιιιθῗιιι
697 1385 763 1429 non

86 1449 228 1514 animum
250 1449 366 1514 studiis
389 1453 422 1514 et
443 1449 538 1513 rebus
560 1448 719 1535 honestis,

73 1537 113 1602 rel
135 1559 242 1603 amore
264 1537 345 1622 vigil
366 1536 563 1621 torquebere.
603 1536 689 1602 Nam
711 1560 781 1624 cur,

74 1625 155 1690 dunt
177 1625 318 1709 oculum,
340 1624 472 1690 festinas
495 1625 634 1710 demere3
657 1626 764 1710 siquid

73 1734 154 1797 rum,
176 1713 285 1778 differs
307 1713 438 1777 curandi
460 1717 588 1796 tempus
611 1714 646 1778 in
668 1715 809 1780 annum?

73 1823 93 1864 n
115 1800 206 1885 facti,
229 1801 284 1885 qui
307 1802 424 1884 coepit,
446 1799 556 1866 habet:
579 1823 690 1886 sapere
713 1803 806 1887 aude3

72 1887 132 1966 Qui
157 1893 242 1954 recte
263 1889 391 1953 vivendi
413 1893 567 1974 prorogat
587 1887 714 1973 horam,

90 1980 265 2062 exspectet,
288 1976 364 2040 dum
387 1977 505 2041 defluat
528 1977 644 2062 amnis,
667 1976 778 2042 atille

73 2068 103 2129 et
123 2064 250 2130 labetur
271 2064 305 2129 in
328 2086 421 2130 omne
442 2064 594 2130 volubilis
617 2087 738 2130 aevum.

73 2153 748 2342 ι’ἱιῗιέἑῗῗιιιῗιῗῗιῗῳιῗιιιὲἓῗιιῗῗιῖῗῶ8

73 2329 107 2392 is
131 2333 181 2393 est
203 2328 255 2393 cui
278 2329 448 2413 contingit,
471 2327 554 2393 nihil
576 2330 713 2414 amplius
737 2333 834 2414 optet

74 2438 124 2481 rus
148 2420 180 2481 et
201 2416 333 2500 fundus,
355 2438 420 2482 non
442 2417 524 2481 aeris
548 2438 679 2482 acervus
702 2421 735 2482 et
757 2418 827 2484 auri

80 2504 200 2569 domini
223 2504 355 2569 deduxit
340 2508 507 2589 tcorpore
530 2504 648 2589 febres,

73 2614 116 2657 no
140 2614 245 2679 curas3
267 2592 373 2657 valeat
393 2614 559 2678 possessor
581 2596 720 2677 oportet,

75 2681 170 2746 rtatis
191 2680 286 2745 rebus
309 2680 389 2746 bene
412 2681 533 2765 cogitat
554 2681 612 2745 uti.
936 2695 970 2746 co

73 2773 88 2833 t
110 2772 167 2833 aut
187 2769 317 2852 metuit,
340 2768 429 2834 iuvat
450 2769 542 2833 illum
565 2770 612 2834 sio
634 2769 747 2834 domus
770 2773 803 2833 et
824 2792 888 2855 res,

73 2880 105 2921 m
127 2857 232 2940 pictae
254 2855 394 2936 tabulae,
418 2861 561 2922 tomenta
582 2856 773 2942 podagrum,

74 2968 82 3010 ι
105 2945 245 3010 citharae
269 2944 401 3010 collecta
423 2945 516 3011 sorde
539 2945 691 3010 dolentes.

74 3037 111 3097 ist
132 3034 196 3098 nisi
218 3055 289 3118 vas,
312 3033 533 3118 quodcumque
555 3033 698 3098 infundis
721 3035 845 3100 acescit.

74 3121 265 3206 voluptates:
288 3126 382 3187 nocet
404 3126 512 3205 empta
535 3121 642 3186 dolore
665 3121 836 3208 voluptas]
935 3137 969 3187 55

74 3232 180 3275 rvarus
204 3214 290 3297 eget:
314 3213 435 3275 certum
457 3214 533 3274 voto
556 3214 629 3295 pete
651 3211 757 3276 finem.

74 3297 197 3363 ulterius
220 3298 387 3365 macrescit
409 3297 504 3362 rebus
528 3299 657 3384 opimis,

74 3387 161 3452 liculi
184 3409 248 3452 non
271 3389 419 3452 invenere
441 3387 571 3470 tyranni

74 3479 244 3542 rmentum.
287 3474 349 3554 Qui
371 3497 437 3540 non
459 3475 678 3542 moderabitur
700 3477 778 3560 irae,
