2370 4028
321 243 431 298 LIBER
446 244 480 300 11-
837 247 903 313 239

91 389 205 452 avibus
227 389 441 473 geminentur,
464 388 602 474 tigribus
626 389 709 474 agni

73 477 213 560 gravibus
236 477 423 560 plerumque
446 480 479 541 et
501 498 618 561 magna
639 478 792 561 professis

73 588 94 648 s,
116 565 181 630 late
205 565 261 648 qui
283 564 461 649 splendeat,
483 586 566 630 unus
589 569 621 630 et
643 565 725 630 alter
922 583 955 630 15

76 674 215 737 pannus,
238 674 310 716 eum
331 652 423 717 lucus
447 656 480 717 et
502 675 557 717 ara
577 653 699 719 Dianae

73 741 165 804 :antis
189 762 288 823 aquae
311 763 368 824 per
390 762 540 805 amoenos
563 741 702 805 ambitus
725 762 820 826 agros

73 852 106 893 en
128 827 278 892 Rhenum
301 832 357 892 aut
379 829 508 911 pluvius
531 829 721 894 describitur
744 851 843 894 arcus.

91 938 156 980 non
179 920 247 980 erat
269 916 320 980 his
343 915 440 980 locus.
481 915 527 980 Et
548 917 683 981 fortasse
707 939 892 1001 cupressum

73 1005 157 1068 lare:
181 1002 354 1088 quidhoc,
377 1004 405 1068 si
427 1003 538 1068 fractis
561 1009 669 1069 'enatat
690 1027 804 1089 exspes
919 1022 954 1071 ao

80 1114 151 1157 aere
174 1093 248 1156 dato
273 1092 328 1176 qui
349 1092 516 1176 pingitur?
555 1091 721 1177 Amphora
743 1093 848 1177 coepit

73 1184 214 1245 currente
236 1184 308 1244 rota
330 1201 386 1243 cur
408 1202 521 1245 urceus
545 1181 633 1245 exit?

73 1269 110 1332 sit
134 1268 274 1352 quidvis,
297 1266 433 1352 simplex
456 1268 622 1333 dumtaxat
644 1272 677 1333 et
698 1290 806 1333 unum.

73 1378 135 1439 iars
158 1360 281 1440 vatum,
303 1360 394 1439 pater
416 1360 449 1419 et
470 1356 600 1422 iuvenes
621 1363 712 1440 patre
735 1356 837 1441 digni,

73 1444 321 1595 rfispecietrepti.
360 1443 474 1595 {drevis
497 1466 566 1545 esse
587 1445 712 1528 laboro,

109 1553 140 1596 o·
164 1553 216 1596 sec
233 1554 338 1596 anem
374 1554 446 1596 ema
467 1554 557 1596 ncru

84 1583 258 1705 anilnique3
280 1619 444 1703 professus
466 1620 599 1704 grandia
620 1623 744 1704 turget3

73 1709 120 1772 mi
142 1712 233 1773 tutus
254 1708 390 1772 nimium
412 1708 608 1792 timidusque
629 1707 799 1793 procellee3

73 1819 107 1860 re
131 1797 220 1879 cupit
241 1818 309 1860 rem
331 1795 552 1880 prodigialiter
573 1817 683 1880 unam,

73 1907 95 1948 n
117 1884 208 1948 silvis
232 1884 390 1968 adpingit,
411 1884 563 1948 fluctibus
586 1906 706 1968 aprum.

73 2028 74 2035 ,
98 1973 186 2036 ducit
209 1971 320 2055 culpae
341 1972 433 2057 fuga,
455 1972 484 2036 si
505 1975 592 2037 caret
614 1976 689 2036 erte.

97 2060 180 2123 eirca
201 2059 313 2124 ludum
335 2059 426 2124 faber
446 2082 530 2127 unus
553 2063 585 2124 et
606 2081 730 2144 ungues

90 2152 122 2212 et
144 2147 257 2211 molles
280 2148 460 2212 imitabitur-
481 2170 552 2213 aere
575 2148 720 2233 capillos,

73 2236 142 2300 reris
166 2257 303 2319 summa,
326 2236 402 2319 quia
423 2257 541 2319 ponere
562 2239 668 2301 totum

73 2345 149 2388 runc
172 2344 231 2408 ego
254 2346 318 2407 me,
341 2323 447 2407 siquid
470 2345 647 2407 conponere
670 2346 790 2409 eurem,

73 2412 98 2476 is
122 2433 190 2476 esse
213 2411 310 2475 velim
333 2433 428 2495 quam
451 2432 528 2475 naso
551 2412 658 2476 vivere
679 2435 778 2497 pravo

73 2523 115 2563 nn
137 2500 240 2584 nigris
263 2499 364 2564 oculis
386 2500 542 2584 nigroque
564 2499 689 2583 capillo.

73 2588 212 2653 [aleriam
234 2588 362 2671 vestris,
386 2588 441 2671 qui
464 2587 617 2671 scribitis,
640 2609 773 2671 aequam

75 2680 89 2739 t
111 2679 235 2741 versate
258 2676 326 2758 diu,
349 2675 426 2759 quid
447 2676 531 2740 ferre
552 2680 712 2758 recusent,

73 2767 134 2827 ant
155 2763 266 2827 umeri.
308 2761 368 2826 Cui
389 2762 472 2828 lecta
494 2767 642 2847 potenter
664 2764 725 2828 erit
746 2785 810 2848 res,

73 2851 137 2916 1dia
160 2852 284 2916 deseret
305 2850 391 2915 hunc
412 2873 470 2916 nec
491 2851 617 2916 lucidus
639 2852 726 2916 ordo.

75 2962 129 3005 aec
151 2940 254 3003 virtus
277 2940 338 3008 erit
360 2943 393 3004 et
414 2962 527 3024 venus,
550 2943 606 3004 aut
627 2960 686 3023 ego
709 2938 816 3023 fallor,

73 3050 140 3092 runc
163 3028 247 3092 dicat
269 3028 334 3092 iam
355 3049 441 3093 nunc
463 3028 610 3093 debentia
633 3027 708 3111 dici,

78 3116 205 3180 differat
227 3118 260 3180 et
281 3137 431 3199 praesens
453 3116 487 3180 in
510 3120 635 3199 tempus
659 3115 799 3200 omittat;

89 3204 186 3269 etiam
209 3204 315 3268 tenuis
338 3207 513 3287 cautusque
535 3203 676 3268 serendis

73 3314 90 3374 z,
112 3291 174 3356 hoc
196 3295 327 3375 spernat
348 3292 516 3375 †promissi
538 3291 687 3356 carminis
710 3296 827 3357 auctor.

73 3380 191 3465 gregia,
213 3384 326 3445 notum
349 3380 378 3443 si
401 3379 514 3444 callida
535 3379 668 3444 verbum

73 3473 87 3531 t
110 3470 258 3532 iunctura
278 3490 404 3532 novum.
447 3466 481 3533 Si
503 3468 587 3532 forte
609 3473 769 3534 necessest

73 3560 230 3622 ronstrare
253 3556 433 3621 recentibus
456 3556 565 3620 abdita
586 3578 706 3641 rerum,
