2370 4028
89 190 153 251 104
493 186 698 242 onnumvu
995 185 1013 258 [r

574 364 612 429 X.

142 486 168 552 Ο
193 487 330 553 crudelis
354 487 457 552 adhue
480 490 512 552 el
534 486 672 552 Veneris
695 491 903 556 muneribus
924 495 1013 575 potens,

142 575 308 660 Insperata
330 579 404 640 tuae
427 597 499 639 cum
522 576 628 640 veniel
652 576 795 660 †plume
818 579 979 663 superbiae

141 665 199 748 El,
223 686 303 748 quae
326 686 411 728 nunc
433 664 552 728 umeris
573 663 769 750 involitant,
795 667 970 733 deciderint
982 687 1013 730 cor

141 752 236 817 Nunc
259 755 291 817 ei
314 752 370 836 qui
393 751 481 816 color
503 755 553 816 est
574 752 733 835 puniceae
758 755 847 820 flore
869 757 956 839 prior
971 774 1013 819 ros

109 911 123 957 5
142 893 301 975 Mutatus,
323 891 491 977 Ligurine,
513 892 546 957 in
569 892 684 957 faciem
706 897 856 960 verterit
879 895 1011 980 hispidun

142 981 237 1045 Dices
261 980 360 1064 ‘heu,'
384 981 531 1064 quotiens
554 983 586 1044 le
609 980 744 1063 speculo
769 984 898 1049 videris
920 985 1013 1048 alteru

144 1068 241 1146 ‘Quae
264 1091 354 1132 mens
378 1073 426 1132 est
447 1068 557 1152 hodie,
580 1090 635 1132 our
657 1069 774 1134 ecdem
799 1094 871 1136 non
893 1069 1013 1157 pueroli

143 1156 205 1222 Vel
228 1179 284 1222 cur
305 1156 357 1220 his
380 1157 495 1220 animis
518 1156 694 1221 incolumes
716 1180 789 1224 non
812 1161 951 1226 redeunt
966 1178 1013 1245 gen

567 1488 622 1553 XI.

248 1613 310 1677 nst
332 1612 413 1677 mihi
435 1634 556 1676 nonum
579 1613 759 1695 superantis
784 1637 909 1681 annum

249 1701 368 1766 Plenus
390 1699 509 1764 Albani
532 1700 642 1785 cadus,
665 1704 714 1765 esi
735 1701 772 1765 in
794 1701 909 1789 horto,

248 1789 371 1872 Phylli,
393 1788 557 1853 nectendis
580 1789 687 1872 epium
710 1791 854 1876 coronis3

292 1877 354 1941 nst
376 1876 511 1941 hederae
533 1877 582 1941 vis

249 2017 366 2101 Mulie,
390 2039 453 2100 qua
475 2018 577 2082 crines
600 2017 735 2102 religate
756 2017 881 2105 fulges3

249 2105 348 2170 Rider
371 2109 502 2189 argento
526 2105 652 2191 domus3
676 2126 730 2169 ere
752 2107 851 2171 castis

251 2192 369 2258 Vincis
391 2194 537 2257 verbenis
561 2197 633 2258 evei
655 2192 823 2259 immolato

296 2279 446 2366 Spargier
469 2302 565 2366 agno,

251 2420 373 2487 Cuncta
394 2423 526 2487 festinet
549 2444 675 2506 munus,
697 2422 761 2487 huc
783 2427 818 2487 et
840 2424 920 2490 illuc

252 2509 417 2576 cursitant
439 2510 557 2574 mixtae
580 2511 687 2594 pueris
709 2511 849 2597 puellae5

252 2598 422 2664 Sordidum
445 2600 591 2663 flammae
614 2598 775 2682 trepidant
796 2605 943 2666 rotantes

294 2687 422 2751 Vertice
445 2687 578 2751 fumum.

251 2827 297 2893 Vt
320 2831 426 2892 tamen
449 2828 536 2891 noris
560 2827 676 2911 quibus
699 2827 864 2893 advoceris

253 2915 398 2999 Gaudiis,
420 2915 492 2979 idus
516 2915 576 2979 libi
599 2919 675 2979 suni
697 2916 851 3001 agendae,

253 3004 314 3081 Qui
338 3003 405 3069 dies
427 3025 569 3068 mensem
591 3002 726 3068 Veneris
749 3005 894 3070 marinae

295 3091 405 3156 Findii
426 3090 586 3175 Aprilem,

251 3231 324 3296 Iure
348 3231 511 3296 sollemnis
534 3222 614 3295 mihi
638 3231 839 3314 sanctiorque

251 3320 356 3384 Paene
378 3321 477 3385 netuli
500 3320 644 3404 proprie,
668 3319 753 3403 quod
776 3341 816 3384 ex
838 3320 902 3388 hac

251 3407 336 3472 Luce
358 3406 524 3472 Maecenas
547 3429 637 3471 meus
660 3407 836 3472 adfluenies

297 3493 432 3559 Ordinel
454 3517 561 3560 annos.
