2370 4028
161 220 224 286 rac
550 220 774 276 alavarum
845 170 847 174 ’

160 362 323 439 Quatenus
345 363 378 427 id
400 363 485 428 facit.
526 362 572 428 Vt
595 365 723 449 quidam
746 368 946 429 memoratur
968 365 1104 432 Athenis

107 468 140 518 65
160 450 313 516 Sordidus
335 475 372 516 ac
394 452 495 535 dives,
517 453 629 537 populi
651 456 852 518 contemnere
870 475 972 520 ,voces

161 539 213 605 Sic
235 540 361 606 solitus:
385 540 534 624 ‘populus
556 562 607 605 me
630 541 751 626 sibilet,
774 546 808 605 at
829 540 913 606 mihi
934 541 1059 626 plaudo

159 627 232 713 Ipse
255 629 355 712 domi,
377 627 474 693 simul
496 650 532 692 ac
554 651 702 694 nummos
725 629 926 713 contemplor
948 631 985 695 in
1009 631 1099 696 arca'

159 716 312 781 Tantalus
335 739 354 780 a
375 716 474 781 labris
497 716 609 781 sitiens
631 717 789 802 fugientia
811 721 920 802 captat

158 804 315 869 Flumina.
355 803 439 880 Quid
462 804 567 869 rides?
607 804 733 870 Mutato
755 806 884 871 nominc
908 806 948 871 de
971 810 1007 872 te

109 909 141 957 το
158 891 281 958 Fabula
302 896 461 957 narratur:
485 893 645 977 congestis
667 893 808 978 undique
830 894 932 959 saccis

159 979 317 1045 Indormis
340 980 466 1044 inhians
489 985 522 1045 et
543 985 707 1065 tamquam
728 1003 857 1065 parcere
879 983 983 1047 saeris

160 1068 290 1153 Cogeris
314 1073 369 1132 aut
390 1069 486 1153 pictis
507 1073 671 1153 tamquam
693 1070 829 1154 gaudere
851 1069 993 1135 tabellis.

158 1156 272 1221 Nescis
295 1178 358 1241 quo
380 1157 485 1221 valeat
506 1157 677 1222 nummus?
701 1179 796 1242 quem
817 1158 972 1241 praebeat
996 1159 1109 1225 usum?

159 1244 255 1309 Panis
278 1248 414 1328 ematur,
437 1244 521 1329 olus,
543 1245 610 1310 vini
633 1246 804 1330 sextarius,
827 1245 920 1331 adde,

109 1349 140 1397 75
160 1330 238 1408 Quis
261 1332 399 1396 humana
422 1333 483 1397 sibi
506 1332 611 1397 doleat
632 1337 746 1397 natura
767 1333 901 1417 negatis.

158 1419 212 1484 An
234 1420 367 1504 vigilare
389 1425 477 1485 metu
499 1422 689 1505 exanimem,
711 1426 883 1504 noctesque
906 1422 1043 1508 diesque

158 1507 342 1573 Formidare
364 1509 465 1573 malos
488 1509 588 1593 fures,
610 1509 768 1594 incendia,
790 1531 914 1594 servos,

159 1595 209 1660 Ne
232 1601 264 1661 te
287 1596 448 1681 conpilent
469 1597 641 1682 fugientes,
663 1597 724 1662 hoc
746 1596 856 1663 iuvat?
896 1596 1028 1663 Horum

161 1683 291 1768 Semper
313 1705 372 1769 ego
395 1685 532 1768 optarim
553 1685 774 1768 paupenimus
796 1707 865 1750 csse
888 1686 1060 1752 bonorum.

107 1789 141 1836 80
159 1770 205 1836 At
227 1773 255 1837 si
278 1772 441 1837 condoluit
462 1777 654 1857 temptatum
676 1773 796 1858 frigore
819 1795 936 1857 corpus

159 1859 227 1924 Aut
249 1860 330 1925 alius
353 1883 444 1925 casus
466 1861 548 1925 lecto
572 1865 604 1925 te
627 1861 751 1946 adfixit,
773 1860 872 1926 habes
896 1862 953 1946 qui

158 1948 324 2034 Adsideat,
346 1949 488 2013 fomenta
509 1952 612 2033 paret,
634 1949 792 2013 medicum
814 1953 921 2034 roget,
943 1954 983 2015 ut
1006 1956 1039 2016 te

160 2036 299 2102 Suscitet
321 2059 357 2102 ac
379 2038 490 2103 reddat
513 2037 618 2121 gnatis
641 2037 784 2120 carisque
806 2037 1021 2122 propinquis?

157 2125 233 2190 Non
254 2146 336 2190 uxor
358 2125 480 2190 salvum
504 2128 535 2189 tc
558 2123 639 2208 volt,
660 2147 725 2189 non
746 2124 846 2209 filius3
869 2147 982 2191 omnes

106 2229 139 2278 85
158 2212 265 2278 Vicini
288 2214 435 2296 oderunt,
457 2212 540 2295 noti,
562 2213 653 2295 pueri
675 2217 770 2296 atque
792 2212 925 2295 puellae.

158 2300 299 2384 Miraris,
322 2322 395 2364 cum
417 2303 453 2363 tu
476 2304 608 2384 argento
630 2304 705 2384 post
726 2300 833 2365 omnia
854 2322 970 2386 ponas,

160 2387 310 2454 sinemo
332 2391 484 2472 praestet,
508 2410 602 2471 quem
624 2410 689 2452 non
710 2388 874 2472 merearis,
897 2390 1059 2454 amorem?

158 2475 211 2541 An
233 2477 262 2541 si
284 2480 449 2561 cognatos,
471 2475 560 2540 nullo
583 2480 698 2541 natura
719 2475 828 2541 labore

159 2564 246 2642 Quos
268 2565 328 2629 tibi
351 2565 418 2649 dat,
440 2565 576 2629 retinere
598 2563 678 2628 velis
700 2586 887 2647 servareque
910 2565 1043 2650 amicos,

106 2670 139 2717 90
158 2651 274 2717 Infelix
296 2675 424 2737 operam
446 2653 572 2737 perdas:
595 2655 633 2716 ut
654 2653 755 2736 siquis
777 2652 911 2717 asellum

158 2740 197 2805 In
220 2763 330 2825 campo
354 2742 464 2806 doceat
485 2744 649 2824 parentem
672 2761 796 2805 currere
818 2739 926 2804 frenis.

157 2829 303 2914 Denique
325 2830 369 2894 sit
390 2829 464 2893 finis
487 2828 670 2912 quaerendi,
694 2849 828 2911 cumque
850 2827 969 2893 habeas
991 2831 1075 2915 plus,

157 2917 345 3001 Pauperiem
368 2922 492 2982 metuas
514 2916 620 2980 minus
643 2921 675 2980 et
696 2916 788 2980 finire
810 2915 952 2981 laborem

158 3005 309 3090 Incipias,
331 3010 423 3090 parto
447 3005 533 3088 quod
555 3005 682 3088 avebas,
704 3027 744 3068 ne
765 3004 863 3068 facias
886 3005 972 3087 quod

107 3111 139 3158 95
158 3093 339 3157 meidius
362 3094 504 3177 quidam,
526 3114 591 3157 non
612 3091 741 3177 longast
762 3091 882 3157 fabula:
906 3093 1008 3179 dives,

158 3181 204 3246 Vt
225 3182 391 3246 metiretur
413 3202 574 3264 nummos,
598 3181 644 3245 ita
665 3180 825 3264 sordiduS,
847 3185 885 3245 ut
907 3202 941 3245 se

156 3269 233 3336 Non
254 3292 405 3353 umquam
429 3291 520 3335 servo
542 3269 656 3334 melius
678 3268 823 3354 vestiret,
846 3268 886 3332 ad
908 3291 1010 3353 usque

159 3356 350 3441 Supremum
372 3362 511 3441 tempus,
533 3379 574 3422 ne
596 3380 631 3422 se
652 3357 785 3441 penuria
806 3356 910 3420 victus

159 3444 373 3529 Opprimeret,
395 3445 565 3509 metuebat.
605 3444 652 3509 At
673 3444 758 3508 huno
779 3443 896 3509 liberta
918 3445 1021 3509 securi

88 3550 138 3598 100
156 3533 276 3598 Divisit
297 3532 451 3617 medium,
472 3532 649 3597 fortissima
669 3531 932 3617 Tyndaridarum

1120 221 1143 295 [l
