2370 4028
269 178 273 187 1
379 234 488 289 LIBER
505 235 540 290 11.
896 236 960 302 247

73 379 124 443 udi
146 381 232 443 recte
255 381 397 462 superest
419 381 452 442 et
473 378 666 463 principium
690 383 722 445 et
744 380 825 445 fons.

73 467 122 531 ibi
146 465 325 531 Socraticae
347 469 499 550 poterunt
521 467 687 532 ostendere
710 467 850 554 chartae,
868 481 873 489 '
981 485 1034 534 310

73 576 127 639 que
150 554 311 638 provisam
333 575 401 618 rem
423 576 489 618 non
510 554 613 620 invita
634 560 816 639 sequentur.
904 602 908 609 f

73 643 168 726 dicit,
190 642 312 726 patriae
335 642 412 726 quid
436 641 549 707 debeat
570 647 603 708 et
626 643 704 728 quid
726 644 850 728 amicis,
973 706 976 712 .

73 731 95 795 it
117 751 225 795 amore
247 751 375 814 parens,
398 751 461 814 quo
483 730 583 795 frater
606 731 760 796 amandus
782 736 815 797 31
832 732 963 818 hospes,

73 818 117 883 sit
139 818 325 902 conscripti,
348 818 433 902 quod
456 817 569 884 iudicis
593 819 747 905 officium,
770 842 851 905 quae

92 907 126 971 in
148 905 269 971 bellum
291 905 384 970 missi
407 905 509 970 ducis:
532 906 587 972 ille
609 907 752 992 profecto
981 923 1033 974 313

73 1016 101 1060 re
123 1015 276 1078 personae
299 994 360 1059 3311
383 993 604 1059 convenientia
627 996 748 1080 cuique.

73 1105 128 1148 313
151 1081 313 1166 exemplar
334 1082 418 1146 11133
441 1104 630 1167 morumque
653 1084 769 1149 iubebo

73 1193 97 1235 n
120 1171 314 1235 imitatorem
337 1170 480 1235 3111133
502 1170 578 1235 hinc
600 1171 713 1237 ducere
735 1193 837 1239 13333.

73 1281 123 1323 um
146 1258 289 1342 speciosa
309 1257 389 1322 locis
411 1262 597 1342 morataque
619 1263 704 1324 recte

73 1371 81 1411 ι
101 1347 222 1411 nullius
245 1346 383 1429 13113113,
406 1345 474 1411 sine
495 1346 635 1429 pondere
658 1351 690 1412 et
712 1352 794 1433 arte,
980 1363 1033 1413 330

73 1457 94 1500 ‚s
117 1434 256 1499 oblectat
277 1433 432 1518 populum
454 1434 632 1518 meliusque
654 1440 810 1521 moratur,

83 1545 194 1588 versus
217 1522 327 1605 inopes
349 1543 456 1587 rerum
479 1543 645 1606 nugaeque
669 1545 808 1589 canorae.

74 1611 253 1696 ingenium,
276 1608 369 1674 Grais
392 1610 479 1674 dedit
502 1631 555 1674 ore
577 1611 715 1676 rotundo

73 1699 176 1783 loqui,
198 1702 324 1782 praeter
345 1698 472 1762 laudem
494 1697 614 1763 nullius
637 1699 748 1764 313113.

72 1788 96 1851 11
117 1787 209 1871 pueri
230 1785 337 1871 longis
360 1785 538 1850 rationibus
562 1807 665 1852 assem
980 1803 1032 1855 325

73 1880 95 1940 11
117 1876 151 1939 in
173 1877 281 1958 partes
303 1877 431 1938 centum
454 1873 608 1939 diducere.
649 1874 756 1941 ‘Dicat

82 1961 207 2027 Albini:
231 1962 260 2026 si
283 1961 321 2026 de
343 1962 519 2046 quincunce
541 1965 695 2027 remotast

73 2108 74 2113 ,
102 2051 179 2135 quid
201 2050 351 2134 superat?
392 2048 548 2134 Properat
570 2051 688 2116 dixisse
711 2051 844 2116 ‘triens'
886 2050 962 2118 ‘aar

73 2139 186 2223 Ι1013113
206 2160 331 2202 3311313
353 2142 451 2202 tuam.
491 2137 588 2203 Redit
609 2139 715 2224 uncia,
738 2140 816 2224 quid
837 2139 909 2204 fit‘?²

73 2227 96 2291 i'
135 2226 280 2291 Athaco
304 2227 428 2291 animos
452 2247 569 2310 aerugo
592 2230 625 2291 31
647 2249 723 2293 cura
744 2228 850 2312 peculi
980 2243 1033 2293 330

73 2314 161 2380 1311131
183 2314 348 2399 imbuerit,
370 2335 533 2398 speramus
557 2315 698 2380 carmina
718 2316 799 2401 fingi

78 2402 208 2468 linenda
230 2402 322 2467 cedro
346 2401 464 2467 311311
486 2401 640 2466 servanda
662 2404 833 2488 cupresso?

73 2491 198 2556 rodesse
220 2491 334 2555 volunt
357 2493 413 2554 aut
435 2489 589 2554 delectare
611 2495 723 2573 poetae

73 2579 146 2643 unul
168 2582 201 2643 31
222 2578 361 2643 iucunda
383 2582 415 2642 31
437 2578 551 2642 idonea
573 2577 676 2643 dicere
698 2579 790 2644 vitae.

73 2668 121 2731 uid
143 2667 332 2751 praecipies,
354 2669 423 2731 3313
445 2666 564 2750 brevis,
586 2669 624 2730 ut
645 2667 709 2732 cito
733 2667 818 2733 dicta
980 2683 1033 2734 330

73 2755 141 2819 iant
163 2755 261 2818 animi
284 2753 401 2818 dociles
424 2756 616 2838 teneantque
637 2755 755 2820 fideles.

73 2871 76 2903 t
99 2864 329 2927 supervacuum
351 2840 446 2925 pleno
470 2841 508 2906 de
530 2845 657 2925 pectore
678 2842 810 2928 manat]

73 2930 247 3014 voluptatis
270 2952 364 2995 causa
386 2929 452 2994 sint
474 2930 733 3021 proximaveris.

73 3019 253 3103 odcumque
275 3019 362 3083 volet
383 3021 495 3101 poscat
517 3017 579 3081 sibi
601 3017 710 3083 fabula
733 3019 831 3103 credi,

73 3129 186 3171 ransae
207 3106 337 3171 Lamiae
359 3106 469 3170 vivum
491 3127 625 3189 puerum
649 3107 796 3172 extrahat
818 3106 899 3174 3110.
979 3123 1032 3174 340

73 3197 127 3260 riae
151 3195 312 3259 seniorum
335 3194 459 3279 agitant
481 3194 624 3277 expertia
645 3194 762 3281 frugis,

73 3286 270 3368 praetereunt
291 3286 418 3348 austera
439 3284 588 3366 poemata
609 3281 757 3349 Ramnes.

83 3372 159 3436 tulit
181 3375 349 3456 punctum,
372 3370 427 3455 qui
450 3369 579 3435 miscuit
601 3370 680 3436 utile
704 3371 802 3456 dulci,

74 3482 124 3525 em
147 3459 330 3525 delectando
353 3459 535 3543 pariterque
558 3459 724 3526 monendo.

73 3552 143 3614 ,3131
166 3570 238 3631 aera
259 3547 341 3612 liber
364 3546 480 3628 Sosiis,
502 3545 556 3610 hio
578 3550 611 3611 et
633 3570 720 3614 mare
743 3549 859 3614 transit
978 3563 1031 3614 340
