2370 4028
335 222 384 277 Du
402 223 537 278 METRIS
555 222 785 280 HORATIANIS.
905 299 909 306 Ι
1031 225 1067 279 Ll

73 371 286 431 aucissimis
324 375 358 430 et
388 372 448 432 vix
480 372 598 450 dignis
631 373 800 433 memoria
832 374 1003 450 exemplis
1036 373 1066 432 si

73 460 264 536 ecesseris,
287 478 425 536 semper
447 461 566 520 voluit
584 461 707 519 adesse
725 461 939 520 incisionem
956 463 1067 519 fixam

73 551 273 623 ortamque.
327 548 524 624 Rhythmos
558 549 666 607 etiarn
692 549 820 624 pedum
847 553 929 608 ante
957 549 1067 607 finem

73 635 195 696 rdinis
222 636 365 695 metrici
391 636 455 696 hoc
483 640 537 695 est
563 637 640 696 sive
668 639 750 695 anto
779 654 964 696 caesuram
990 637 1066 696 sive

73 746 85 783 1
129 724 230 782 exitu
265 724 371 783 metri
406 724 609 800 positorum
648 724 863 801 diligentius
904 725 1067 784 servavit
1141 728 1144 734 “

73 813 219 887 ταοοὶε,
256 815 292 870 at
323 813 439 871 minus
472 816 641 872 accurate
673 811 806 871 Seneca
841 815 876 872 et
910 812 1066 888 reliquis

81 918 305 975 omanorum,
352 900 414 976 qui
453 904 613 976 tempore
654 919 731 958 enm
771 905 854 959 sunt
894 901 1065 960 insecuti.

73 989 183 1064 'eque
215 989 306 1046 enim
337 988 442 1047 nimis
474 1007 555 1049 raro
582 989 684 1064 locis,
718 1007 806 1065 quos
834 989 920 1064 dixi,
947 1009 1066 1049 mono·

73 1075 200 1152 yllaba
226 1076 528 1152 praecedentibus
558 1077 639 1152 plus
672 1095 776 1152 qnam
807 1076 1067 1152 monosyllabis

72 1163 232 1223 dmittit.

146 1251 300 1311 Hactenus
326 1251 408 1310 haec.
452 1252 532 1310 Nam
559 1251 594 1310 de
620 1252 748 1310 admissa
771 1252 808 1311 ab
830 1251 957 1312 Horatio
980 1270 1066 1327 syna-

73 1341 129 1399 hia
148 1340 198 1399 vel
215 1343 324 1416 spreta,
343 1339 379 1398 de
396 1340 508 1415 pedum
524 1339 662 1416 modulis,
685 1340 721 1398 de
740 1340 870 1399 caesuris
889 1343 919 1399 εὴ
936 1341 1067 1398 numeris

73 1447 213 1504 ersuum,
240 1427 276 1486 de
304 1428 426 1487 elisione
454 1431 484 1486 et
506 1428 644 1504 synizesi,
672 1427 708 1486 de
730 1428 830 1487 hiatus
854 1446 888 1487 ac
909 1428 1067 1504 positionis

73 1517 176 1595 ‚gibus
204 1518 234 1574 et
261 1515 297 1574 de
324 1516 471 1591 producta
497 1515 579 1574 finali
601 1516 771 1592 plenissime
795 1517 908 1575 dictum
930 1516 962 1574 in
983 1515 1068 1574 libris

73 1627 89 1664 e
125 1624 159 1662 re
190 1605 314 1663 metrica
344 1606 502 1680 poetarum
528 1603 717 1680 Latinorum,
750 1605 803 1679 qui
833 1624 930 1680 nuper
957 1604 1069 1662 iterum

73 1694 130 1752 nnt
149 1691 230 1767 editi,
248 1710 303 1750 nec
320 1693 418 1750 minus
437 1692 468 1749 in
488 1690 662 1750 Summariis
686 1711 721 1750 ex
742 1691 795 1752 illo
818 1693 901 1752 fonte
924 1691 1067 1767 deductis

73 1799 137 1840 uae
156 1779 265 1838 Latina
284 1782 314 1838 et
332 1778 508 1839 Gemanica
529 1780 634 1857 lingua
651 1783 722 1839 sunt
739 1781 872 1857 vulgata.
908 1779 1068 1838 Praeterea

73 1890 91 1928 e
127 1870 193 1927 arte
225 1868 349 1926 metrica
381 1866 558 1926 Saturarum
589 1867 856 1944 Epistularumque
892 1886 960 1926 cum
996 1885 1068 1926 cura

73 1955 229 2034 [positum
250 1955 283 2014 in
305 1955 434 2015 editione
455 1955 689 2031 Vindobonensi‚
718 1956 754 2014 de
780 1956 941 2031 lyricorum
966 1958 1068 2014 autem

73 2042 226 2105 erminum
260 2043 514 2119 iambicorumque
554 2046 662 2122 agetur
696 2044 831 2120 proximo
866 2047 1000 2119 ternpore
1036 2043 1068 2101 in

73 2133 192 2192 ditione
213 2132 325 2191 maiore
348 2131 516 2192 eorundem.

148 2219 286 2294 Denique
313 2238 421 2295 pauca,
456 2237 533 2295 quae
559 2219 738 2279 brevitatem
764 2218 957 2278 admitterent
984 2236 1067 2276 enar-

73 2307 156 2384 andi,
170 2307 260 2365 etiam
274 2308 370 2366 relata
383 2307 453 2366 libri
465 2307 555 2366 huius
569 2307 669 2366 Indice
684 2307 878 2385 grammatico
893 2309 923 2365 et
936 2307 1067 2366 metrico.

458 2560 670 2569 -———.-

395 2773 525 2841 lictra
551 2775 735 2842 Horatii.

546 2945 585 3000 A.

148 3062 172 3121 Ι,
203 3062 417 3120 Hexameter
440 3061 652 3137 dactylicus.

268 3193 373 3228 ..w-
435 3177 621 3244 ῦῡ-Ιῦῡ-
665 3193 861 3231 warno

267 3245 506 3318 -w-([)0tl-
551 3250 861 3312 ω-Ιῡῦ-υυ-υ

266 3342 373 3370 -υυ..
434 3333 542 3368 &hu
570 3327 574 3383 Ι
603 3335 861 3371 sufflata-u

73 3449 122 3510 [cc
150 3447 334 3523 conscriptae
361 3449 481 3506 saturae
510 3448 540 3504 et
572 3445 727 3521 epistulae.
776 3447 932 3524 spondeus
961 3449 1067 3524 quinto

73 3555 136 3614 oco,
159 3535 211 3596 sed
233 3536 264 3594 in
286 3553 376 3594 versu
397 3537 549 3611 suspecto,
571 3535 720 3610 reperitur
742 3556 787 3612 ep.
805 3536 845 3613 Π,
861 3538 889 3612 3,
904 3538 978 3596 467.

868 3634 907 3686 d*
