2370 4028
87 203 150 268 108

88 537 120 586 15

493 199 689 256 CARMINVM

217 344 344 409 Deiecit
366 366 437 409 acer
459 343 532 427 plus
554 344 624 409 vice
646 342 802 429 simplici5

218 433 322 497 Maior
339 431 506 497 Neronum
527 453 604 497 mox
626 452 723 517 grave
745 432 911 516 proelium

265 521 422 586 Oonmisit
444 521 663 605 immanesque
685 519 809 585 Raetos

306 608 470 692 Auspiciis
492 609 617 693 pepulit
639 608 804 693 secundis,

220 766 417 852 Spectandus
439 767 492 831 †in
515 767 687 832 certamine
708 765 830 832 Martio

219 856 345 921 Devota
365 855 463 919 morti
485 858 615 939 pectora
635 854 756 920 liberae

264 943 399 1021 Quantis
421 943 572 1028 fatigaret
594 943 710 1027 ruinis,

307 1030 488 1096 Indomitus
510 1053 610 1115 prope
633 1030 737 1115 qualis
759 1031 863 1095 undas

219 1181 357 1246 Exercet
380 1184 488 1245 auster
509 1180 676 1247 Pleiadum
699 1180 797 1246 choro

221 1269 391 1336 Scindente
413 1269 529 1353 nubes,
550 1269 677 1354 inpiger
698 1269 843 1334 hostium

264 1358 389 1423 Vexare
411 1361 533 1423 turmas
556 1361 590 1422 et
611 1357 800 1423 frementem

308 1445 438 1510 Mittere
461 1467 579 1530 equum
601 1445 723 1511 medios
746 1468 805 1528 per
828 1446 929 1531 ignes.

222 1595 274 1660 Sic
297 1595 495 1659 tauriformis
518 1588 659 1658 volvitur
679 1593 830 1678 AufiduS,

221 1683 291 1761 Qua
312 1702 410 1767 regna
431 1682 539 1746 Dauni
561 1682 711 1766 praefluit
732 1680 847 1767 Apuli,

266 1771 346 1836 Cum
369 1771 470 1834 saevit
490 1769 744 1855 horrendamque
768 1771 865 1836 cultis

307 1858 471 1922 Diluviem
494 1858 662 1922 minitatur
684 1859 783 1943 agris,

220 2007 266 2073 Vr
287 2008 495 2072 barbarorum
519 2006 669 2072 Claudius
693 2009 823 2094 agmina

220 2095 352 2161 Ferrato
374 2099 465 2160 vasto
489 2096 588 2160 diruit
610 2096 732 2178 impetu

264 2184 453 2268 Primosque
476 2187 508 2248 et
531 2188 689 2248 extremos
713 2184 861 2250 metendo

310 2270 432 2336 Stravit
453 2271 588 2335 humum
610 2271 679 2336 sine
702 2272 789 2337 clade
812 2273 931 2358 victor,

220 2420 265 2486 Te
288 2421 409 2506 copias,
431 2425 464 2485 te
487 2420 655 2485 consilium
679 2425 711 2486 et
733 2425 807 2486 tuos

219 2509 395 2574 Praebente
418 2509 517 2574 diros.
556 2508 642 2574 Nam
664 2509 725 2573 tibi
747 2531 811 2594 quo
836 2509 888 2575 die

263 2597 381 2662 Portus
404 2595 604 2662 Alexandrea
626 2596 761 2682 supplex

307 2685 353 2750 Er
374 2706 506 2749 vacuam
529 2686 679 2768 patefecit
702 2684 820 2770 aulam,

218 2835 362 2899 Fortuna
382 2833 485 2899 lustro
507 2856 661 2917 prospera
682 2834 778 2898 tertio

218 2923 302 2988 Belli
325 2923 480 2988 secundos
503 2922 642 2987 reddidit
664 2922 783 3006 exitus,

262 3010 467 3094 Laudemque
490 3013 522 3075 et
544 3014 690 3094 optatum
712 3011 851 3094 peractis

307 3097 454 3184 Imperiis
478 3098 573 3163 decus
596 3099 770 3184 adrogavit.

219 3246 263 3312 Te
287 3245 445 3313 Cantaber
466 3269 532 3312 non
554 3251 628 3312 ante
651 3246 820 3312 domabilis

216 3335 394 3419 Medusque
417 3339 451 3401 et
471 3333 584 3420 Indus,
606 3338 639 3401 te
660 3335 817 3421 profugus
841 3333 983 3420 Scythes

261 3423 412 3508 Miratur,
434 3445 454 3489 o
476 3422 578 3488 tutela
599 3444 750 3507 praesens

305 3510 417 3576 ltaliae
441 3512 649 3597 dominaeque
671 3511 802 3576 Romae.
