2370 4028
61 186 98 299 i]

446 227 555 282 LIBER
572 227 612 282 111

159 369 314 454 Magnum
337 369 393 434 illa
415 374 571 435 terrorem
593 370 746 436 intulerat
767 370 838 436 Iovi

159 456 277 522 Fidens
299 458 448 523 iuventus
470 458 601 523 horrida
622 460 780 525 bracehiis

202 545 394 648 Fratresque
417 547 583 612 tendentes
606 569 704 631 opaoo

248 633 392 698 Pelion
383 635 563 718 mposuisse
585 633 732 720 Olympo.

163 772 225 839 Sed
248 775 326 859 quid
348 774 520 877 Typhoeus
543 780 576 840 et
598 775 723 841 ualidus
746 774 876 861 Mimas,

159 860 228 927 Aut
251 864 329 947 quid
351 864 469 929 minaei
490 862 694 949 Porphyrion
716 866 816 948 statu,

205 949 290 1027 Quid
311 951 418 1016 Rhoet
404 956 457 1016 tus
480 951 661 1036 evolsisque
683 953 806 1016 truncis

247 1039 428 1105 Enceladus
450 1040 568 1104 iaoulat
554 1045 606 1105 tor
628 1041 733 1105 audax

161 1178 279 1244 Contra
301 1183 468 1245 sonantem
490 1179 632 1245 Palladis
656 1181 768 1266 aegida

161 1266 299 1333 Possent
321 1268 472 1333 ruentes?
512 1267 599 1333 Hine
621 1269 733 1334 aridus
756 1268 848 1333 stetit

204 1354 380 1440 Volcanus,
402 1355 478 1422 hino
500 1360 648 1421 matrona
669 1355 751 1422 Iuno
774 1361 807 1422 et

246 1443 441 1528 Numquam*
456 1445 575 1509 umeris
597 1445 762 1528 positurus
785 1466 908 1529 areum,

161 1583 223 1661 Qui
245 1607 317 1649 rore
339 1606 420 1668 puro
445 1584 601 1649 Castaliae
623 1584 704 1648 lavit

161 1671 271 1737 Crines
295 1672 432 1757 solutae,
456 1673 511 1757 qui
532 1672 649 1755 Lyciae
672 1676 760 1737 tenet

203 1760 344 1825 Dumeta
364 1761 567 1845 natalemque
590 1760 717 1845 silvam,

247 1849 361 1914 Delius
385 1853 417 1914 et
439 1849 500 1913 Pat
486 1853 594 1913 tsareu
616 1847 743 1932 Apollo.

159 1986 219 2052 Vis
243 1989 357 2054 consili
379 2011 492 2075 expers
515 1987 599 2054 mole
622 1989 689 2053 ruit
711 2010 782 2054 sua.

160 2074 237 2141 Vim
259 2081 418 2162 temperat
419 2100 470 2142 am
494 2077 527 2142 di
551 2099 677 2178 quoque
700 2076 881 2161 provehunt

203 2163 242 2229 In
264 2166 380 2251 maius,
404 2166 489 2230 idem
512 2166 606 2230 odere
628 2166 713 2230 vires

248 2250 350 2318 Omne
372 2254 462 2318 nefas
486 2254 592 2318 animo
616 2257 791 2318 mouentes.

160 2393 280 2478 [Testis
302 2416 446 2458 mearum
468 2394 667 2458 centimanus
691 2393 776 2477 Gyas

160 2480 412 2567 Sententiarum,
434 2487 530 2547 notus
554 2487 586 2546 et
609 2483 752 2568 integrae

203 2570 392 2654 Temptator
414 2569 514 2636 Orion
536 2570 672 2650 Dianae,

247 2656 403 2744 Virginea
426 2658 731 2744 domitusvsagitta]

159 2797 281 2864 Inieota
302 2801 456 2865 monstris
478 2801 577 2865 Terra
598 2800 686 2865 ¹dolet
708 2799 776 2864 suis

157 2885 343 2972 Maeretque
365 2893 477 2972 partus
499 2888 634 2954 fulmine
656 2887 797 2953 luridum

202 2974 320 3041 Missos
344 2977 384 3041 ad
406 2974 538 3063 Oroum3
560 2999 619 3042 neo
640 2977 765 3060 peredit
905 3060 907 3064 Ι

245 3063 424 3151 Inpositam
447 3065 531 3131 oeler
553 3065 638 3150 ignis
660 3063 813 3152 Aetnam,

158 3201 392 3270 Inoontinentis
414 3228 474 3270 neo
496 3205 584 3289 Tityi
607 3205 694 3270 ieeur

156 3292 303 3377 Reliquit
325 3292 404 3379 ales,
426 3294 589 3379 nequitiae
612 3293 738 3359 additus

202 3379 331 3467 Custos,
354 3386 529 3461 amatorem
552 3385 711 3448 trecentae

245 3469 427 3535 Pirithoum
451 3470 602 3536 cohibent
625 3475 761 3537 catenae.
992 3488 1026 3538 80
