2370 4028
89 214 154 278 120
517 212 666 268 EPODOM

177 355 241 421 Hie
263 357 456 422 inresectum
477 377 573 420 saeva
593 355 688 420 dente
709 355 815 422 livido

223 443 356 509 Canidia
376 444 492 508 rodens
513 443 664 527 pollieem

177 531 264 610 Quid
286 534 368 596 dixit
390 537 446 596 aut
468 532 546 616 qnid
567 531 690 596 tacuit?
731 530 773 596 Ὀ
793 534 899 599 rebus
920 535 994 600 meis

90 637 124 685 5ο
221 621 297 687 Non
319 620 464 685 infideles
487 619 638 703 arbitrae,

178 708 254 773 Nox
276 713 310 773 et
330 709 448 792 Diana,
470 730 551 791 quae
573 707 737 772 silentium
759 710 866 794 regis,

224 797 351 861 Areana
373 819 445 860 eum
467 797 551 860 fiunt
572 817 676 879 saera,

178 885 288 968 Nune,
310 907 394 948 nune
417 884 538 967 adeste,
560 905 646 948 nune
666 883 702 947 in
722 882 866 949 hostiles
888 886 994 950 domus

221 937 307 1036 Irain
330 978 425 1056 atque
447 993 567 1035 numen
587 971 712 1035 vertite.

89 1078 123 1125 55
176 1060 407 1125 Formidolosis
430 1060 507 1124 dum
527 1060 631 1123 latent
652 1059 744 1123 silvis
766 1059 857 1125 ferae

219 1148 317 1212 Dulei
339 1170 452 1231 sopore
474 1147 658 1232 languidae,

178 1235 306 1320 Senem,
329 1237 423 1320 quod
437 1258 547 1300 omnes
569 1235 708 1318 rideant,
729 1234 917 1301 adulterum

220 1324 354 1388 Latrent
377 1321 563 1389 Suburanae
586 1344 693 1406 canes,

177 1411 287 1477 Nardo
309 1416 515 1496 perunctum,
537 1410 630 1494 quale
652 1432 718 1474 non
738 1410 918 1494 perfectius

89 1516 124 1564 60
221 1499 312 1564 Meae
333 1500 510 1564 laborarint
530 1521 653 1563 manus.

178 1587 263 1663 Quid
286 1587 422 1651 accidit?
464 1586 529 1651 Cur
550 1587 620 1650 dira
640 1585 794 1651 barbarae
815 1588 926 1652 minus

222 1675 354 1740 Venena
375 1675 505 1740 Medeae
526 1675 646 1761 valent,

181 1769 305 1847 Quibus
328 1772 498 1854 superbam
519 1772 605 1855 fugit
626 1770 695 1835 ulta
715 1771 886 1857 paelicem,

222 1859 334 1944 Magni
357 1857 504 1923 Creontis
524 1859 638 1943 filiam,

90 1971 124 2019 65
181 1954 260 2020 Cum
283 1955 382 2040 palla,
404 1956 480 2020 tabo
503 1978 620 2019 munus
642 1956 816 2040 imbutum,
838 1979 954 2022 novam

221 2043 372 2107 lucendio
394 2048 529 2126 nuptam
551 2043 705 2108 abstulit?

177 2139 280 2222 Atqui
302 2161 361 2203 nee
383 2138 482 2203 herba
503 2161 562 2203 nee
583 2139 686 2204 latens
708 2141 743 2204 in
765 2142 889 2224 asperis

220 2227 326 2290 Radix
349 2227 465 2292 fefellit
485 2249 537 2291 me
558 2227 646 2291 loeis

176 2321 336 2387 Indormit
358 2324 465 2388 unctis
488 2325 631 2387 omnium
653 2324 813 2390 eubilibus

89 2427 123 2474 το
222 2409 391 2475 Oblivione
411 2412 577 2496 paelicum.

176 2505 262 2592 Aba,
285 2508 410 2572 solutus
434 2507 578 2571 ambulat
599 2509 757 2572 veneficae

221 2593 408 2661 Scientioris
432 2597 583 2659 carmine!

176 2691 252 2758 Non
274 2693 417 2774 usitatis,
440 2691 538 2776 Vare,
560 2692 759 2776 potionibuS,

220 2779 247 2844 Ο
270 2781 373 2844 multa
394 2781 545 2844 fleturum
568 2784 676 2864 eaput,

87 2892 121 2940 75
176 2875 228 2940 Ad
250 2899 302 2941 me
324 2899 482 2960 recurres,
504 2899 562 2941 nee
584 2881 697 2940 vocata
718 2897 809 2940 mens
831 2880 890 2941 tua

219 2963 336 3029 Marsis
358 2965 476 3029 redibit
498 2965 638 3030 vocibus.

175 3060 281 3126 Maius
303 3062 437 3145 parabo,
459 3062 563 3125 maius
585 3060 751 3124 infundam
773 3059 836 3123 tibi

219 3148 411 3214 Fastidienti
433 3148 597 3232 poculum,

176 3245 334 3329 Priusque
357 3245 480 3310 eaelum
503 3245 586 3309 sidet
607 3243 741 3308 inferius
763 3243 845 3306 mari

88 3348 123 3396 80
221 3333 349 3398 Tellure
371 3337 518 3418 porrecta
540 3355 648 3416 super,

178 3430 280 3506 Quam
302 3453 367 3494 non
390 3453 497 3495 amore
520 3431 566 3494 sie
588 3451 659 3493 meo
681 3429 796 3512 flagres
819 3426 870 3491 nti

221 3518 373 3582 Bitumen
396 3520 474 3582 atris
497 3517 648 3601 ignibus?
