<?xml version="1.0" encoding="UTF-8"?>
<!DOCTYPE html PUBLIC "-//W3C//DTD XHTML 1.0 Transitional//EN"
    "http://www.w3.org/TR/xhtml1/DTD/xhtml1-transitional.dtd">
<html xmlns="http://www.w3.org/1999/xhtml" xml:lang="en" lang="en">
 <head>
  <title>
</title>
<meta http-equiv="Content-Type" content="text/html;charset=utf-8" />
  <meta name='ocr-system' content='tesseract 3.04.00' />
  <meta name='ocr-capabilities' content='ocr_page ocr_carea ocr_par ocr_line ocrx_word'/>
</head>
<body>
  <div class='ocr_page' id='page_1' title='image "./qhoratiusflacci01horagoog_0295.png"; bbox 0 0 2370 4028; ppageno 0'>
   <div class='ocr_carea' id='block_1_1' title="bbox 167 214 797 281">
    <p class='ocr_par' dir='ltr' id='par_1_1' title="bbox 167 214 797 281">
     <span class='ocr_line' id='line_1_1' title="bbox 167 214 797 281; baseline -0.014 -1"><span class='ocrx_word' id='word_1_1' title='bbox 167 217 233 281; x_wconf 74' lang='grc'><strong>234</strong></span> <span class='ocrx_word' id='word_1_2' title='bbox 539 214 797 272; x_wconf 78' lang='lat' dir='ltr'><strong>EPISTVLARVM</strong></span> 
     </span>
    </p>
   </div>
   <div class='ocr_carea' id='block_1_2' title="bbox 54 358 1142 3612">
    <p class='ocr_par' dir='ltr' id='par_1_2' title="bbox 54 358 1142 3612">
     <span class='ocr_line' id='line_1_2' title="bbox 166 358 955 443; baseline -0.003 -18"><span class='ocrx_word' id='word_1_3' title='bbox 166 360 259 426; x_wconf 82' lang='lat' dir='ltr'>Vnde</span> <span class='ocrx_word' id='word_1_4' title='bbox 282 359 379 423; x_wconf 93' lang='lat' dir='ltr'><strong>simul</strong></span> <span class='ocrx_word' id='word_1_5' title='bbox 400 361 539 443; x_wconf 89' lang='lat' dir='ltr'><strong>primum</strong></span> <span class='ocrx_word' id='word_1_6' title='bbox 562 382 613 424; x_wconf 91' lang='lat' dir='ltr'><strong>me</strong></span> <span class='ocrx_word' id='word_1_7' title='bbox 636 360 785 424; x_wconf 81' lang='lat' dir='ltr'><strong>dimisere</strong></span> <span class='ocrx_word' id='word_1_8' title='bbox 807 358 955 443; x_wconf 90' lang='lat' dir='ltr'><strong>Philippi</strong></span> 
     </span>
     <span class='ocr_line' id='line_1_3' title="bbox 115 447 964 532; baseline -0.004 -17"><span class='ocrx_word' id='word_1_9' title='bbox 115 465 148 515; x_wconf 87' lang='grc'><strong>50</strong></span> <span class='ocrx_word' id='word_1_10' title='bbox 166 447 291 512; x_wconf 90' lang='lat' dir='ltr'><strong>Decisis</strong></span> <span class='ocrx_word' id='word_1_11' title='bbox 312 447 467 512; x_wconf 90' lang='lat' dir='ltr'><strong>humilem</strong></span> <span class='ocrx_word' id='word_1_12' title='bbox 489 448 597 532; x_wconf 87' lang='lat' dir='ltr'>pinnis</span> <span class='ocrx_word' id='word_1_13' title='bbox 620 448 811 532; x_wconf 83' lang='lat' dir='ltr'><strong>inopemque</strong></span> <span class='ocrx_word' id='word_1_14' title='bbox 834 449 964 531; x_wconf 88' lang='lat' dir='ltr'><strong>paterni</strong></span> 
     </span>
     <span class='ocr_line' id='line_1_4' title="bbox 166 535 973 620; baseline 0.001 -21"><span class='ocrx_word' id='word_1_15' title='bbox 166 536 212 601; x_wconf 82' lang='lat' dir='ltr'><strong>llt</strong></span> <span class='ocrx_word' id='word_1_16' title='bbox 232 536 310 599; x_wconf 85' lang='lat' dir='ltr'><strong>laris</strong></span> <span class='ocrx_word' id='word_1_17' title='bbox 333 541 366 601; x_wconf 92' lang='lat' dir='ltr'><strong>et</strong></span> <span class='ocrx_word' id='word_1_18' title='bbox 388 537 493 620; x_wconf 88' lang='lat' dir='ltr'><strong>fundi,</strong></span> <span class='ocrx_word' id='word_1_19' title='bbox 515 539 686 620; x_wconf 75' lang='lat' dir='ltr'><strong>paupertas</strong></span> <span class='ocrx_word' id='word_1_20' title='bbox 709 535 829 620; x_wconf 77' lang='lat' dir='ltr'><strong>inpulit</strong></span> <span class='ocrx_word' id='word_1_21' title='bbox 850 535 973 620; x_wconf 84' lang='lat' dir='ltr'><strong>audax,</strong></span> 
     </span>
     <span class='ocr_line' id='line_1_5' title="bbox 167 622 1109 708; baseline -0.002 -19"><span class='ocrx_word' id='word_1_22' title='bbox 167 623 214 689; x_wconf 89' lang='lat' dir='ltr'><strong>Vt</strong></span> <span class='ocrx_word' id='word_1_23' title='bbox 235 646 346 688; x_wconf 85' lang='lat' dir='ltr'><strong>versus</strong></span> <span class='ocrx_word' id='word_1_24' title='bbox 368 624 513 689; x_wconf 84' lang='lat' dir='ltr'><strong>facerem.</strong></span> <span class='ocrx_word' id='word_1_25' title='bbox 555 622 617 689; x_wconf 89' lang='lat' dir='ltr'><strong>Sed</strong></span> <span class='ocrx_word' id='word_1_26' title='bbox 640 624 727 708; x_wconf 90' lang='lat' dir='ltr'><strong>quod</strong></span> <span class='ocrx_word' id='word_1_27' title='bbox 748 645 813 688; x_wconf 93' lang='lat' dir='ltr'><strong>non</strong></span> <span class='ocrx_word' id='word_1_28' title='bbox 836 623 922 689; x_wconf 87' lang='lat' dir='ltr'><strong>desit</strong></span> <span class='ocrx_word' id='word_1_29' title='bbox 942 623 1109 689; x_wconf 85' lang='lat' dir='ltr'><strong>habentem</strong></span> 
     </span>
     <span class='ocr_line' id='line_1_6' title="bbox 168 711 1066 797; baseline 0.001 -21"><span class='ocrx_word' id='word_1_30' title='bbox 168 711 254 789; x_wconf 83' lang='lat' dir='ltr'><strong>Quae</strong></span> <span class='ocrx_word' id='word_1_31' title='bbox 277 716 429 795; x_wconf 91' lang='lat' dir='ltr'><strong>poterunt</strong></span> <span class='ocrx_word' id='word_1_32' title='bbox 451 734 603 796; x_wconf 89' lang='lat' dir='ltr'><strong>umquam</strong></span> <span class='ocrx_word' id='word_1_33' title='bbox 625 713 704 777; x_wconf 87' lang='lat' dir='ltr'><strong>satis</strong></span> <span class='ocrx_word' id='word_1_34' title='bbox 727 733 906 797; x_wconf 82' lang='lat' dir='ltr'><strong>expurgare</strong></span> <span class='ocrx_word' id='word_1_35' title='bbox 930 712 1066 796; x_wconf 85' lang='lat' dir='ltr'><strong>cicutae,</strong></span> 
     </span>
     <span class='ocr_line' id='line_1_7' title="bbox 166 799 1079 884; baseline -0.001 -19"><span class='ocrx_word' id='word_1_36' title='bbox 166 799 211 865; x_wconf 89' lang='lat' dir='ltr'><strong>Ni</strong></span> <span class='ocrx_word' id='word_1_37' title='bbox 233 800 347 865; x_wconf 89' lang='lat' dir='ltr'><strong>melius</strong></span> <span class='ocrx_word' id='word_1_38' title='bbox 372 801 509 865; x_wconf 90' lang='lat' dir='ltr'><strong>dormire</strong></span> <span class='ocrx_word' id='word_1_39' title='bbox 531 805 641 884; x_wconf 88' lang='lat' dir='ltr'><strong>putem</strong></span> <span class='ocrx_word' id='word_1_40' title='bbox 665 821 761 884; x_wconf 88' lang='lat' dir='ltr'><strong>quam</strong></span> <span class='ocrx_word' id='word_1_41' title='bbox 783 800 924 865; x_wconf 87' lang='lat' dir='ltr'><strong>scribere</strong></span> <span class='ocrx_word' id='word_1_42' title='bbox 946 800 1079 866; x_wconf 79' lang='lat' dir='ltr'><strong>versus?</strong></span> 
     </span>
     <span class='ocr_line' id='line_1_8' title="bbox 115 886 943 972; baseline 0 -19"><span class='ocrx_word' id='word_1_43' title='bbox 115 905 148 953; x_wconf 91' lang='grc'><strong>55</strong></span> <span class='ocrx_word' id='word_1_44' title='bbox 169 886 303 972; x_wconf 83' lang='lat' dir='ltr'><strong>Singula</strong></span> <span class='ocrx_word' id='word_1_45' title='bbox 326 889 364 953; x_wconf 90' lang='lat' dir='ltr'><strong>de</strong></span> <span class='ocrx_word' id='word_1_46' title='bbox 386 889 480 954; x_wconf 91' lang='lat' dir='ltr'><strong>nobis</strong></span> <span class='ocrx_word' id='word_1_47' title='bbox 503 889 578 953; x_wconf 88' lang='lat' dir='ltr'><strong>anni</strong></span> <span class='ocrx_word' id='word_1_48' title='bbox 600 889 794 972; x_wconf 74' lang='lat' dir='ltr'><strong>praedantur</strong></span> <span class='ocrx_word' id='word_1_49' title='bbox 816 892 943 953; x_wconf 88' lang='lat' dir='ltr'><strong>euntes:</strong></span> 
     </span>
     <span class='ocr_line' id='line_1_9' title="bbox 167 976 958 1062; baseline 0.004 -24"><span class='ocrx_word' id='word_1_50' title='bbox 167 976 323 1060; x_wconf 81' lang='lat' dir='ltr'><strong>Eripuere</strong></span> <span class='ocrx_word' id='word_1_51' title='bbox 345 977 445 1062; x_wconf 91' lang='lat' dir='ltr'><strong>iocos,</strong></span> <span class='ocrx_word' id='word_1_52' title='bbox 467 998 627 1059; x_wconf 84' lang='lat' dir='ltr'><strong>venerem,</strong></span> <span class='ocrx_word' id='word_1_53' title='bbox 650 976 807 1061; x_wconf 80' lang='lat' dir='ltr'><strong>convivia,</strong></span> <span class='ocrx_word' id='word_1_54' title='bbox 829 976 958 1062; x_wconf 80' lang='lat' dir='ltr'><strong>ludum3</strong></span> 
     </span>
     <span class='ocr_line' id='line_1_10' title="bbox 54 1063 1044 1148; baseline 0 -20"><span class='ocrx_word' id='word_1_55' title='bbox 54 1091 58 1098; x_wconf 92' lang='lat'><strong>·</strong></span> <span class='ocrx_word' id='word_1_56' title='bbox 168 1063 316 1128; x_wconf 76' lang='lat' dir='ltr'><strong>Tendunt</strong></span> <span class='ocrx_word' id='word_1_57' title='bbox 338 1069 526 1148; x_wconf 88' lang='lat' dir='ltr'><strong>extorquere</strong></span> <span class='ocrx_word' id='word_1_58' title='bbox 548 1068 710 1148; x_wconf 86' lang='lat' dir='ltr'><strong>poemata:</strong></span> <span class='ocrx_word' id='word_1_59' title='bbox 734 1064 812 1148; x_wconf 92' lang='lat' dir='ltr'><strong>quid</strong></span> <span class='ocrx_word' id='word_1_60' title='bbox 833 1064 951 1129; x_wconf 86' lang='lat' dir='ltr'><strong>faciam</strong></span> <span class='ocrx_word' id='word_1_61' title='bbox 974 1064 1044 1130; x_wconf 78' lang='lat' dir='ltr'><strong>vis?</strong></span> 
     </span>
     <span class='ocr_line' id='line_1_11' title="bbox 167 1152 1047 1238; baseline 0.001 -22"><span class='ocrx_word' id='word_1_62' title='bbox 167 1152 313 1236; x_wconf 91' lang='lat' dir='ltr'><strong>Denique</strong></span> <span class='ocrx_word' id='word_1_63' title='bbox 335 1174 400 1217; x_wconf 92' lang='lat' dir='ltr'><strong>non</strong></span> <span class='ocrx_word' id='word_1_64' title='bbox 424 1175 533 1217; x_wconf 90' lang='lat' dir='ltr'><strong>omnes</strong></span> <span class='ocrx_word' id='word_1_65' title='bbox 556 1153 665 1217; x_wconf 89' lang='lat' dir='ltr'><strong>eadem</strong></span> <span class='ocrx_word' id='word_1_66' title='bbox 687 1153 846 1216; x_wconf 86' lang='lat' dir='ltr'><strong>mirantur</strong></span> <span class='ocrx_word' id='word_1_67' title='bbox 867 1157 1047 1238; x_wconf 83' lang='lat' dir='ltr'><strong>amantque.</strong></span> 
     </span>
     <span class='ocr_line' id='line_1_12' title="bbox 136 1239 955 1326; baseline 0.001 -22"><span class='ocrx_word' id='word_1_68' title='bbox 136 1265 138 1270; x_wconf 56' lang='lat'><strong><em>¹</em></strong></span> <span class='ocrx_word' id='word_1_69' title='bbox 169 1239 314 1304; x_wconf 77' lang='lat' dir='ltr'><strong>Carmine</strong></span> <span class='ocrx_word' id='word_1_70' title='bbox 337 1245 373 1305; x_wconf 91' lang='lat' dir='ltr'><strong>tu</strong></span> <span class='ocrx_word' id='word_1_71' title='bbox 397 1241 529 1326; x_wconf 84' lang='lat' dir='ltr'><strong>gaudes,</strong></span> <span class='ocrx_word' id='word_1_72' title='bbox 550 1239 604 1304; x_wconf 89' lang='lat' dir='ltr'><strong>hic</strong></span> <span class='ocrx_word' id='word_1_73' title='bbox 627 1240 802 1305; x_wconf 87' lang='lat' dir='ltr'><strong>delectatur</strong></span> <span class='ocrx_word' id='word_1_74' title='bbox 823 1240 955 1325; x_wconf 81' lang='lat' dir='ltr'><strong>iambis,</strong></span> 
     </span>
     <span class='ocr_line' id='line_1_13' title="bbox 116 1327 870 1412; baseline -0.004 -18"><span class='ocrx_word' id='word_1_75' title='bbox 116 1345 149 1394; x_wconf 85' lang='grc'><strong>60</strong></span> <span class='ocrx_word' id='word_1_76' title='bbox 168 1327 227 1392; x_wconf 92' lang='grc'>1116</span> <span class='ocrx_word' id='word_1_77' title='bbox 249 1328 379 1392; x_wconf 84' lang='lat' dir='ltr'><strong>Bioneis</strong></span> <span class='ocrx_word' id='word_1_78' title='bbox 402 1329 601 1393; x_wconf 83' lang='lat' dir='ltr'><strong>sermonibus</strong></span> <span class='ocrx_word' id='word_1_79' title='bbox 625 1333 657 1393; x_wconf 92' lang='lat' dir='ltr'><strong>et</strong></span> <span class='ocrx_word' id='word_1_80' title='bbox 680 1328 745 1392; x_wconf 87' lang='lat' dir='ltr'><strong>sale</strong></span> <span class='ocrx_word' id='word_1_81' title='bbox 767 1329 870 1412; x_wconf 86' lang='lat' dir='ltr'><strong>nigro.</strong></span> 
     </span>
     <span class='ocr_line' id='line_1_14' title="bbox 168 1415 1019 1502; baseline 0.002 -22"><span class='ocrx_word' id='word_1_82' title='bbox 168 1416 246 1480; x_wconf 83' lang='lat' dir='ltr'><strong>Tres</strong></span> <span class='ocrx_word' id='word_1_83' title='bbox 268 1415 348 1480; x_wconf 92' lang='lat' dir='ltr'><strong>mihi</strong></span> <span class='ocrx_word' id='word_1_84' title='bbox 371 1417 521 1481; x_wconf 83' lang='lat' dir='ltr'><strong>convivae</strong></span> <span class='ocrx_word' id='word_1_85' title='bbox 543 1438 643 1500; x_wconf 87' lang='lat' dir='ltr'><strong>prope</strong></span> <span class='ocrx_word' id='word_1_86' title='bbox 666 1416 835 1481; x_wconf 80' lang='lat' dir='ltr'><strong>dissentire</strong></span> <span class='ocrx_word' id='word_1_87' title='bbox 856 1415 1019 1502; x_wconf 80' lang='lat' dir='ltr'><strong>videntur,</strong></span> 
     </span>
     <span class='ocr_line' id='line_1_15' title="bbox 167 1503 897 1588; baseline 0.001 -21"><span class='ocrx_word' id='word_1_88' title='bbox 167 1503 339 1568; x_wconf 87' lang='lat' dir='ltr'><strong>Poscentes</strong></span> <span class='ocrx_word' id='word_1_89' title='bbox 361 1505 449 1569; x_wconf 83' lang='lat' dir='ltr'><strong>vario</strong></span> <span class='ocrx_word' id='word_1_90' title='bbox 472 1504 610 1568; x_wconf 91' lang='lat' dir='ltr'><strong>multum</strong></span> <span class='ocrx_word' id='word_1_91' title='bbox 633 1504 758 1569; x_wconf 83' lang='lat' dir='ltr'><strong>diversa</strong></span> <span class='ocrx_word' id='word_1_92' title='bbox 778 1503 897 1588; x_wconf 90' lang='lat' dir='ltr'><strong>palato.</strong></span> 
     </span>
     <span class='ocr_line' id='line_1_16' title="bbox 168 1590 1142 1677; baseline -0.003 -21"><span class='ocrx_word' id='word_1_93' title='bbox 168 1590 253 1667; x_wconf 83' lang='lat' dir='ltr'><strong>Quid</strong></span> <span class='ocrx_word' id='word_1_94' title='bbox 271 1592 364 1656; x_wconf 82' lang='lat' dir='ltr'><strong>dem?</strong></span> <span class='ocrx_word' id='word_1_95' title='bbox 384 1593 461 1677; x_wconf 87' lang='lat' dir='ltr'><strong>quid</strong></span> <span class='ocrx_word' id='word_1_96' title='bbox 480 1614 545 1657; x_wconf 91' lang='lat' dir='ltr'><strong>non</strong></span> <span class='ocrx_word' id='word_1_97' title='bbox 563 1593 656 1657; x_wconf 79' lang='lat' dir='ltr'><strong>dem?</strong></span> <span class='ocrx_word' id='word_1_98' title='bbox 674 1593 782 1657; x_wconf 89' lang='lat' dir='ltr'><strong>renuis</strong></span> <span class='ocrx_word' id='word_1_99' title='bbox 800 1596 849 1677; x_wconf 90' lang='lat' dir='ltr'><strong>tu,</strong></span> <span class='ocrx_word' id='word_1_100' title='bbox 869 1593 957 1676; x_wconf 95' lang='lat' dir='ltr'><strong>quod</strong></span> <span class='ocrx_word' id='word_1_101' title='bbox 975 1593 1060 1657; x_wconf 92' lang='lat' dir='ltr'><strong>iubet</strong></span> <span class='ocrx_word' id='word_1_102' title='bbox 1072 1591 1142 1672; x_wconf 86' lang='lat' dir='ltr'><strong>slter;</strong></span> 
     </span>
     <span class='ocr_line' id='line_1_17' title="bbox 169 1679 1084 1764; baseline 0 -21"><span class='ocrx_word' id='word_1_103' title='bbox 169 1679 261 1755; x_wconf 83' lang='lat' dir='ltr'><strong>Quod</strong></span> <span class='ocrx_word' id='word_1_104' title='bbox 283 1681 379 1764; x_wconf 90' lang='lat' dir='ltr'><strong>petis,</strong></span> <span class='ocrx_word' id='word_1_105' title='bbox 402 1681 435 1744; x_wconf 90' lang='lat' dir='ltr'><strong>id</strong></span> <span class='ocrx_word' id='word_1_106' title='bbox 458 1685 565 1745; x_wconf 91' lang='lat' dir='ltr'><strong>sanest</strong></span> <span class='ocrx_word' id='word_1_107' title='bbox 587 1681 727 1744; x_wconf 86' lang='lat' dir='ltr'><strong>invisum</strong></span> <span class='ocrx_word' id='word_1_108' title='bbox 745 1680 936 1764; x_wconf 87' lang='lat' dir='ltr'><strong>acidumque</strong></span> <span class='ocrx_word' id='word_1_109' title='bbox 958 1680 1084 1746; x_wconf 90' lang='lat' dir='ltr'><strong>duobus.</strong></span> 
     </span>
     <span class='ocr_line' id='line_1_18' title="bbox 116 1767 983 1852; baseline 0.002 -20"><span class='ocrx_word' id='word_1_110' title='bbox 116 1785 149 1832; x_wconf 86' lang='grc'><strong>05</strong></span> <span class='ocrx_word' id='word_1_111' title='bbox 167 1767 298 1832; x_wconf 87' lang='lat' dir='ltr'><strong>Praeter</strong></span> <span class='ocrx_word' id='word_1_112' title='bbox 321 1772 425 1833; x_wconf 90' lang='lat' dir='ltr'><strong>cetera</strong></span> <span class='ocrx_word' id='word_1_113' title='bbox 446 1790 497 1832; x_wconf 92' lang='lat' dir='ltr'><strong>me</strong></span> <span class='ocrx_word' id='word_1_114' title='bbox 519 1768 681 1832; x_wconf 89' lang='lat' dir='ltr'><strong>Romaene</strong></span> <span class='ocrx_word' id='word_1_115' title='bbox 702 1771 850 1852; x_wconf 88' lang='lat' dir='ltr'><strong>poemata</strong></span> <span class='ocrx_word' id='word_1_116' title='bbox 871 1790 983 1834; x_wconf 88' lang='lat' dir='ltr'><strong>censes</strong></span> 
     </span>
     <span class='ocr_line' id='line_1_19' title="bbox 170 1854 1135 1940; baseline 0.001 -20"><span class='ocrx_word' id='word_1_117' title='bbox 170 1854 314 1920; x_wconf 79' lang='lat' dir='ltr'><strong>Scribere</strong></span> <span class='ocrx_word' id='word_1_118' title='bbox 336 1878 430 1940; x_wconf 88' lang='lat' dir='ltr'><strong>posse</strong></span> <span class='ocrx_word' id='word_1_119' title='bbox 453 1857 536 1920; x_wconf 90' lang='lat' dir='ltr'><strong>inter</strong></span> <span class='ocrx_word' id='word_1_120' title='bbox 558 1860 609 1920; x_wconf 96' lang='grc'><strong>101</strong></span> <span class='ocrx_word' id='word_1_121' title='bbox 631 1877 722 1921; x_wconf 87' lang='lat' dir='ltr'><strong>curas</strong></span> <span class='ocrx_word' id='word_1_122' title='bbox 744 1859 857 1940; x_wconf 91' lang='lat' dir='ltr'><strong>totque</strong></span> <span class='ocrx_word' id='word_1_123' title='bbox 879 1856 1027 1922; x_wconf 81' lang='lat' dir='ltr'><strong>labores?</strong></span> <span class='ocrx_word' id='word_1_124' title='bbox 1132 1885 1135 1893; x_wconf 63' lang='lat'><strong><em>¹</em></strong></span> 
     </span>
     <span class='ocr_line' id='line_1_20' title="bbox 167 1941 1059 2028; baseline 0.002 -21"><span class='ocrx_word' id='word_1_125' title='bbox 167 1941 230 2008; x_wconf 91' lang='lat' dir='ltr'><strong>Hic</strong></span> <span class='ocrx_word' id='word_1_126' title='bbox 253 1967 405 2028; x_wconf 86' lang='lat' dir='ltr'><strong>sponsum</strong></span> <span class='ocrx_word' id='word_1_127' title='bbox 428 1948 534 2028; x_wconf 73' lang='lat' dir='ltr'><strong>vocat,</strong></span> <span class='ocrx_word' id='word_1_128' title='bbox 555 1943 610 2008; x_wconf 93' lang='lat' dir='ltr'><strong>hic</strong></span> <span class='ocrx_word' id='word_1_129' title='bbox 632 1944 777 2008; x_wconf 86' lang='lat' dir='ltr'><strong>auditum</strong></span> <span class='ocrx_word' id='word_1_130' title='bbox 799 1944 921 2028; x_wconf 85' lang='lat' dir='ltr'><strong>scripta</strong></span> <span class='ocrx_word' id='word_1_131' title='bbox 942 1944 1059 2011; x_wconf 88' lang='lat' dir='ltr'><strong>relictis</strong></span> 
     </span>
     <span class='ocr_line' id='line_1_21' title="bbox 169 2029 996 2118; baseline 0.002 -23"><span class='ocrx_word' id='word_1_132' title='bbox 169 2029 325 2096; x_wconf 90' lang='lat' dir='ltr'><strong>Omnibus</strong></span> <span class='ocrx_word' id='word_1_133' title='bbox 349 2032 477 2116; x_wconf 81' lang='lat' dir='ltr'><strong>officiis3</strong></span> <span class='ocrx_word' id='word_1_134' title='bbox 500 2032 596 2096; x_wconf 87' lang='lat' dir='ltr'><strong>cubat</strong></span> <span class='ocrx_word' id='word_1_135' title='bbox 618 2032 671 2096; x_wconf 96' lang='lat' dir='ltr'><strong>hic</strong></span> <span class='ocrx_word' id='word_1_136' title='bbox 692 2032 727 2096; x_wconf 95' lang='lat' dir='ltr'><strong>in</strong></span> <span class='ocrx_word' id='word_1_137' title='bbox 750 2030 829 2096; x_wconf 92' lang='lat' dir='ltr'><strong>colle</strong></span> <span class='ocrx_word' id='word_1_138' title='bbox 853 2031 996 2118; x_wconf 84' lang='lat' dir='ltr'><strong>Quirini,</strong></span> 
     </span>
     <span class='ocr_line' id='line_1_22' title="bbox 167 2118 992 2205; baseline 0.002 -21"><span class='ocrx_word' id='word_1_139' title='bbox 167 2119 230 2184; x_wconf 93' lang='lat' dir='ltr'><strong>Hic</strong></span> <span class='ocrx_word' id='word_1_140' title='bbox 253 2125 395 2185; x_wconf 88' lang='lat' dir='ltr'><strong>extremo</strong></span> <span class='ocrx_word' id='word_1_141' title='bbox 418 2121 452 2184; x_wconf 92' lang='lat' dir='ltr'><strong>in</strong></span> <span class='ocrx_word' id='word_1_142' title='bbox 474 2118 648 2205; x_wconf 82' lang='lat' dir='ltr'><strong>Aventino,</strong></span> <span class='ocrx_word' id='word_1_143' title='bbox 670 2120 820 2184; x_wconf 80' lang='lat' dir='ltr'><strong>visendus</strong></span> <span class='ocrx_word' id='word_1_144' title='bbox 842 2124 992 2205; x_wconf 85' lang='lat' dir='ltr'><strong>uterque:</strong></span> 
     </span>
     <span class='ocr_line' id='line_1_23' title="bbox 116 2206 990 2273; baseline 0.001 -1"><span class='ocrx_word' id='word_1_145' title='bbox 116 2225 149 2272; x_wconf 80' lang='lat'><strong>70</strong></span> <span class='ocrx_word' id='word_1_146' title='bbox 167 2206 341 2272; x_wconf 85' lang='lat' dir='ltr'><strong>Intervalla</strong></span> <span class='ocrx_word' id='word_1_147' title='bbox 362 2208 451 2273; x_wconf 83' lang='lat' dir='ltr'><strong>vides</strong></span> <span class='ocrx_word' id='word_1_148' title='bbox 474 2208 629 2272; x_wconf 76' lang='lat' dir='ltr'><strong>&#39;shumane</strong></span> <span class='ocrx_word' id='word_1_149' title='bbox 652 2208 824 2272; x_wconf 89' lang='lat' dir='ltr'><strong>commoda</strong></span> <span class='ocrx_word' id='word_1_150' title='bbox 865 2207 990 2273; x_wconf 81' lang='lat' dir='ltr'><strong>Verum</strong></span> 
     </span>
     <span class='ocr_line' id='line_1_24' title="bbox 167 2294 1084 2380; baseline 0.002 -22"><span class='ocrx_word' id='word_1_151' title='bbox 167 2294 270 2359; x_wconf 89' lang='lat' dir='ltr'><strong>Purac</strong></span> <span class='ocrx_word' id='word_1_152' title='bbox 293 2299 369 2359; x_wconf 90' lang='lat' dir='ltr'><strong>sunt</strong></span> <span class='ocrx_word' id='word_1_153' title='bbox 390 2296 526 2380; x_wconf 80' lang='lat' dir='ltr'><strong>plateae,</strong></span> <span class='ocrx_word' id='word_1_154' title='bbox 549 2295 631 2359; x_wconf 91' lang='lat' dir='ltr'><strong>nihil</strong></span> <span class='ocrx_word' id='word_1_155' title='bbox 653 2299 690 2359; x_wconf 87' lang='grc'><strong>01</strong></span> <span class='ocrx_word' id='word_1_156' title='bbox 711 2296 942 2362; x_wconf 76' lang='lat' dir='ltr'><strong>meditantibus</strong></span> <span class='ocrx_word' id='word_1_157' title='bbox 966 2295 1084 2362; x_wconf 78' lang='lat' dir='ltr'><strong>obstet?</strong></span> 
     </span>
     <span class='ocr_line' id='line_1_25' title="bbox 166 2382 999 2471; baseline 0.005 -25"><span class='ocrx_word' id='word_1_158' title='bbox 166 2382 313 2447; x_wconf 87' lang='lat' dir='ltr'><strong>Festinat</strong></span> <span class='ocrx_word' id='word_1_159' title='bbox 336 2383 456 2448; x_wconf 91' lang='lat' dir='ltr'><strong>calidus</strong></span> <span class='ocrx_word' id='word_1_160' title='bbox 478 2384 574 2448; x_wconf 91' lang='lat' dir='ltr'><strong>mulis</strong></span> <span class='ocrx_word' id='word_1_161' title='bbox 598 2383 780 2469; x_wconf 79' lang='lat' dir='ltr'><strong>gerulisque</strong></span> <span class='ocrx_word' id='word_1_162' title='bbox 802 2384 999 2471; x_wconf 88' lang='lat' dir='ltr'><strong>redemptor,</strong></span> 
     </span>
     <span class='ocr_line' id='line_1_26' title="bbox 166 2470 1141 2558; baseline 0 -24"><span class='ocrx_word' id='word_1_163' title='bbox 166 2470 309 2554; x_wconf 81' lang='lat' dir='ltr'><strong>Torquet</strong></span> <span class='ocrx_word' id='word_1_164' title='bbox 331 2493 415 2536; x_wconf 92' lang='lat' dir='ltr'><strong>nunc</strong></span> <span class='ocrx_word' id='word_1_165' title='bbox 437 2472 589 2556; x_wconf 86' lang='lat' dir='ltr'><strong>lapidem,</strong></span> <span class='ocrx_word' id='word_1_166' title='bbox 614 2494 699 2536; x_wconf 91' lang='lat' dir='ltr'><strong>nunc</strong></span> <span class='ocrx_word' id='word_1_167' title='bbox 723 2473 836 2557; x_wconf 81' lang='lat' dir='ltr'><strong>ingens</strong></span> <span class='ocrx_word' id='word_1_168' title='bbox 859 2473 1010 2538; x_wconf 85' lang='lat' dir='ltr'><strong>machina</strong></span> <span class='ocrx_word' id='word_1_169' title='bbox 1029 2473 1141 2558; x_wconf 84' lang='lat' dir='ltr'><strong>tignum,</strong></span> 
     </span>
     <span class='ocr_line' id='line_1_27' title="bbox 166 2558 959 2647; baseline 0.004 -25"><span class='ocrx_word' id='word_1_170' title='bbox 166 2558 286 2623; x_wconf 81' lang='lat' dir='ltr'><strong>Tristia</strong></span> <span class='ocrx_word' id='word_1_171' title='bbox 307 2560 449 2624; x_wconf 88' lang='lat' dir='ltr'><strong>robustis</strong></span> <span class='ocrx_word' id='word_1_172' title='bbox 471 2561 635 2624; x_wconf 90' lang='lat' dir='ltr'><strong>luctantur</strong></span> <span class='ocrx_word' id='word_1_173' title='bbox 657 2560 770 2624; x_wconf 89' lang='lat' dir='ltr'><strong>funera</strong></span> <span class='ocrx_word' id='word_1_174' title='bbox 790 2560 959 2647; x_wconf 80' lang='lat' dir='ltr'><strong>plaustris,</strong></span> 
     </span>
     <span class='ocr_line' id='line_1_28' title="bbox 115 2645 1056 2732; baseline 0.002 -21"><span class='ocrx_word' id='word_1_175' title='bbox 115 2663 147 2711; x_wconf 79' lang='grc'><strong>15</strong></span> <span class='ocrx_word' id='word_1_176' title='bbox 166 2645 236 2710; x_wconf 85' lang='grc' dir='ltr'><strong>Η60</strong></span> <span class='ocrx_word' id='word_1_177' title='bbox 258 2646 386 2712; x_wconf 87' lang='lat' dir='ltr'><strong>rabiosa</strong></span> <span class='ocrx_word' id='word_1_178' title='bbox 407 2648 493 2732; x_wconf 86' lang='lat' dir='ltr'><strong>fugit</strong></span> <span class='ocrx_word' id='word_1_179' title='bbox 515 2648 616 2732; x_wconf 85' lang='lat' dir='ltr'><strong>canis,</strong></span> <span class='ocrx_word' id='word_1_180' title='bbox 638 2648 698 2712; x_wconf 86' lang='lat' dir='ltr'><strong>hac</strong></span> <span class='ocrx_word' id='word_1_181' title='bbox 719 2648 880 2713; x_wconf 88' lang='lat' dir='ltr'><strong>lutulenta</strong></span> <span class='ocrx_word' id='word_1_182' title='bbox 901 2650 969 2714; x_wconf 88' lang='lat' dir='ltr'><strong>ruit</strong></span> <span class='ocrx_word' id='word_1_183' title='bbox 991 2671 1056 2716; x_wconf 87' lang='lat' dir='ltr'><strong>sus:</strong></span> 
     </span>
     <span class='ocr_line' id='line_1_29' title="bbox 166 2732 947 2802; baseline 0.006 -5"><span class='ocrx_word' id='word_1_184' title='bbox 166 2732 182 2797; x_wconf 93' lang='lat' dir='ltr'>I</span> <span class='ocrx_word' id='word_1_185' title='bbox 205 2756 289 2799; x_wconf 91' lang='lat' dir='ltr'><strong>nunc</strong></span> <span class='ocrx_word' id='word_1_186' title='bbox 311 2740 344 2799; x_wconf 92' lang='lat' dir='ltr'><strong>et</strong></span> <span class='ocrx_word' id='word_1_187' title='bbox 366 2758 477 2801; x_wconf 80' lang='lat' dir='ltr'><strong>versus</strong></span> <span class='ocrx_word' id='word_1_188' title='bbox 500 2740 605 2801; x_wconf 92' lang='lat' dir='ltr'><strong>tecum</strong></span> <span class='ocrx_word' id='word_1_189' title='bbox 628 2737 782 2800; x_wconf 87' lang='lat' dir='ltr'><strong>meditare</strong></span> <span class='ocrx_word' id='word_1_190' title='bbox 805 2758 947 2802; x_wconf 89' lang='lat' dir='ltr'><strong>canoros.</strong></span> 
     </span>
     <span class='ocr_line' id='line_1_30' title="bbox 167 2820 1140 2911; baseline -0.001 -25"><span class='ocrx_word' id='word_1_191' title='bbox 167 2820 365 2906; x_wconf 83' lang='lat' dir='ltr'><strong>Scriptorum</strong></span> <span class='ocrx_word' id='word_1_192' title='bbox 389 2823 505 2888; x_wconf 90' lang='lat' dir='ltr'><strong>chorus</strong></span> <span class='ocrx_word' id='word_1_193' title='bbox 528 2825 631 2888; x_wconf 92' lang='lat' dir='ltr'><strong>omnis</strong></span> <span class='ocrx_word' id='word_1_194' title='bbox 655 2828 741 2888; x_wconf 89' lang='lat' dir='ltr'><strong>amat</strong></span> <span class='ocrx_word' id='word_1_195' title='bbox 763 2846 874 2889; x_wconf 90' lang='lat' dir='ltr'><strong>nemus</strong></span> <span class='ocrx_word' id='word_1_196' title='bbox 897 2829 931 2890; x_wconf 92' lang='lat' dir='ltr'><strong>et</strong></span> <span class='ocrx_word' id='word_1_197' title='bbox 952 2825 1039 2911; x_wconf 84' lang='lat' dir='ltr'><strong>fugit</strong></span> <span class='ocrx_word' id='word_1_198' title='bbox 1057 2823 1140 2900; x_wconf 88' lang='lat' dir='ltr'><strong>urbes,</strong></span> 
     </span>
     <span class='ocr_line' id='line_1_31' title="bbox 164 2908 1034 2997; baseline 0.007 -24"><span class='ocrx_word' id='word_1_199' title='bbox 164 2908 239 2974; x_wconf 89' lang='lat' dir='ltr'><strong>Rite</strong></span> <span class='ocrx_word' id='word_1_200' title='bbox 263 2911 361 2976; x_wconf 89' lang='lat' dir='ltr'><strong>cliens</strong></span> <span class='ocrx_word' id='word_1_201' title='bbox 383 2911 501 2976; x_wconf 91' lang='lat' dir='ltr'><strong>Bacchi</strong></span> <span class='ocrx_word' id='word_1_202' title='bbox 525 2934 637 2976; x_wconf 89' lang='lat' dir='ltr'><strong>somno</strong></span> <span class='ocrx_word' id='word_1_203' title='bbox 660 2913 828 2997; x_wconf 85' lang='lat' dir='ltr'><strong>gaudentis</strong></span> <span class='ocrx_word' id='word_1_204' title='bbox 852 2916 884 2977; x_wconf 88' lang='lat' dir='ltr'><strong>et</strong></span> <span class='ocrx_word' id='word_1_205' title='bbox 906 2914 1034 2979; x_wconf 89' lang='lat' dir='ltr'><strong>umbra:</strong></span> 
     </span>
     <span class='ocr_line' id='line_1_32' title="bbox 165 2997 1040 3083; baseline 0.007 -22"><span class='ocrx_word' id='word_1_206' title='bbox 165 2997 214 3061; x_wconf 83' lang='lat' dir='ltr'><strong>Tu</strong></span> <span class='ocrx_word' id='word_1_207' title='bbox 236 3020 287 3062; x_wconf 93' lang='lat' dir='ltr'><strong>me</strong></span> <span class='ocrx_word' id='word_1_208' title='bbox 310 3000 394 3064; x_wconf 90' lang='lat' dir='ltr'><strong>inter</strong></span> <span class='ocrx_word' id='word_1_209' title='bbox 417 2999 570 3083; x_wconf 90' lang='lat' dir='ltr'><strong>strepitus</strong></span> <span class='ocrx_word' id='word_1_210' title='bbox 593 3004 766 3064; x_wconf 90' lang='lat' dir='ltr'><strong>nocturnos</strong></span> <span class='ocrx_word' id='word_1_211' title='bbox 790 3004 886 3083; x_wconf 88' lang='lat' dir='ltr'><strong>atque</strong></span> <span class='ocrx_word' id='word_1_212' title='bbox 910 3001 1040 3067; x_wconf 90' lang='lat' dir='ltr'><strong>diurnos</strong></span> 
     </span>
     <span class='ocr_line' id='line_1_33' title="bbox 112 3084 1026 3173; baseline 0.007 -24"><span class='ocrx_word' id='word_1_213' title='bbox 112 3103 146 3150; x_wconf 86' lang='lat'><strong>80</strong></span> <span class='ocrx_word' id='word_1_214' title='bbox 165 3084 224 3149; x_wconf 85' lang='lat' dir='ltr'><strong>Vis</strong></span> <span class='ocrx_word' id='word_1_215' title='bbox 248 3108 358 3152; x_wconf 89' lang='lat' dir='ltr'><strong>canere</strong></span> <span class='ocrx_word' id='word_1_216' title='bbox 382 3091 414 3152; x_wconf 93' lang='lat' dir='ltr'><strong>et</strong></span> <span class='ocrx_word' id='word_1_217' title='bbox 437 3091 600 3152; x_wconf 88' lang='lat' dir='ltr'><strong>contracta</strong></span> <span class='ocrx_word' id='word_1_218' title='bbox 622 3089 712 3172; x_wconf 89' lang='lat' dir='ltr'><strong>sequi</strong></span> <span class='ocrx_word' id='word_1_219' title='bbox 734 3089 872 3173; x_wconf 83' lang='lat' dir='ltr'><strong>vestigia</strong></span> <span class='ocrx_word' id='word_1_220' title='bbox 892 3090 1026 3155; x_wconf 80' lang='lat' dir='ltr'><strong>ratum?</strong></span> 
     </span>
     <span class='ocr_line' id='line_1_34' title="bbox 165 3171 1021 3259; baseline 0.008 -23"><span class='ocrx_word' id='word_1_221' title='bbox 165 3171 346 3259; x_wconf 87' lang='lat' dir='ltr'><strong>Ingenium,</strong></span> <span class='ocrx_word' id='word_1_222' title='bbox 368 3175 431 3239; x_wconf 91' lang='lat' dir='ltr'><strong>sibi</strong></span> <span class='ocrx_word' id='word_1_223' title='bbox 455 3177 540 3259; x_wconf 91' lang='lat' dir='ltr'><strong>quod</strong></span> <span class='ocrx_word' id='word_1_224' title='bbox 562 3197 677 3240; x_wconf 84' lang='lat' dir='ltr'><strong>vacuas</strong></span> <span class='ocrx_word' id='word_1_225' title='bbox 700 3177 855 3241; x_wconf 90' lang='lat' dir='ltr'><strong>desumsit</strong></span> <span class='ocrx_word' id='word_1_226' title='bbox 876 3176 1021 3243; x_wconf 87' lang='lat' dir='ltr'><strong>Athenas</strong></span> 
     </span>
     <span class='ocr_line' id='line_1_35' title="bbox 164 3261 952 3348; baseline 0.008 -24"><span class='ocrx_word' id='word_1_227' title='bbox 164 3261 210 3325; x_wconf 79' lang='lat' dir='ltr'><strong>Et</strong></span> <span class='ocrx_word' id='word_1_228' title='bbox 232 3263 347 3327; x_wconf 87' lang='lat' dir='ltr'><strong>studiis</strong></span> <span class='ocrx_word' id='word_1_229' title='bbox 370 3285 469 3328; x_wconf 87' lang='lat' dir='ltr'><strong>annos</strong></span> <span class='ocrx_word' id='word_1_230' title='bbox 493 3268 615 3348; x_wconf 88' lang='lat' dir='ltr'><strong>septem</strong></span> <span class='ocrx_word' id='word_1_231' title='bbox 638 3264 726 3328; x_wconf 92' lang='lat' dir='ltr'><strong>dedit</strong></span> <span class='ocrx_word' id='word_1_232' title='bbox 747 3264 952 3348; x_wconf 90' lang='lat' dir='ltr'><strong>insenuitque</strong></span> 
     </span>
     <span class='ocr_line' id='line_1_36' title="bbox 164 3347 882 3435; baseline 0.006 -23"><span class='ocrx_word' id='word_1_233' title='bbox 164 3347 271 3413; x_wconf 89' lang='lat' dir='ltr'><strong>Libris</strong></span> <span class='ocrx_word' id='word_1_234' title='bbox 295 3355 327 3414; x_wconf 90' lang='lat' dir='ltr'><strong>et</strong></span> <span class='ocrx_word' id='word_1_235' title='bbox 350 3352 448 3435; x_wconf 89' lang='lat' dir='ltr'><strong>curis,</strong></span> <span class='ocrx_word' id='word_1_236' title='bbox 472 3355 578 3416; x_wconf 89' lang='lat' dir='ltr'><strong>statua</strong></span> <span class='ocrx_word' id='word_1_237' title='bbox 600 3352 791 3416; x_wconf 80' lang='lat' dir='ltr'><strong>taciturnius</strong></span> <span class='ocrx_word' id='word_1_238' title='bbox 805 3352 882 3416; x_wconf 86' lang='lat' dir='ltr'><strong>exit</strong></span> 
     </span>
     <span class='ocr_line' id='line_1_37' title="bbox 164 3436 1098 3527; baseline 0.002 -27"><span class='ocrx_word' id='word_1_239' title='bbox 164 3436 358 3522; x_wconf 88' lang='lat' dir='ltr'><strong>Plerumque</strong></span> <span class='ocrx_word' id='word_1_240' title='bbox 381 3444 413 3503; x_wconf 92' lang='lat' dir='ltr'><strong>et</strong></span> <span class='ocrx_word' id='word_1_241' title='bbox 435 3439 502 3503; x_wconf 91' lang='lat' dir='ltr'><strong>risu</strong></span> <span class='ocrx_word' id='word_1_242' title='bbox 524 3440 679 3524; x_wconf 93' lang='lat' dir='ltr'><strong>populum</strong></span> <span class='ocrx_word' id='word_1_243' title='bbox 704 3441 820 3524; x_wconf 91' lang='lat' dir='ltr'><strong>quatit:</strong></span> <span class='ocrx_word' id='word_1_244' title='bbox 841 3440 896 3504; x_wconf 91' lang='lat' dir='ltr'><strong>hic</strong></span> <span class='ocrx_word' id='word_1_245' title='bbox 919 3462 980 3527; x_wconf 83' lang='lat' dir='ltr'><strong>ego</strong></span> <span class='ocrx_word' id='word_1_246' title='bbox 1003 3459 1098 3507; x_wconf 88' lang='lat' dir='ltr'><strong>rerum</strong></span> 
     </span>
     <span class='ocr_line' id='line_1_38' title="bbox 112 3524 959 3612; baseline 0.007 -25"><span class='ocrx_word' id='word_1_247' title='bbox 112 3540 145 3588; x_wconf 82' lang='lat'><strong>85</strong></span> <span class='ocrx_word' id='word_1_248' title='bbox 164 3524 339 3591; x_wconf 83' lang='lat' dir='ltr'><strong>Fluctibus·</strong></span> <span class='ocrx_word' id='word_1_249' title='bbox 354 3527 389 3590; x_wconf 92' lang='lat' dir='ltr'><strong>in</strong></span> <span class='ocrx_word' id='word_1_250' title='bbox 410 3529 523 3592; x_wconf 88' lang='lat' dir='ltr'><strong>mediis</strong></span> <span class='ocrx_word' id='word_1_251' title='bbox 547 3532 579 3592; x_wconf 91' lang='lat' dir='ltr'><strong>et</strong></span> <span class='ocrx_word' id='word_1_252' title='bbox 601 3529 846 3612; x_wconf 87' lang='lat' dir='ltr'><strong>tempestatibus</strong></span> <span class='ocrx_word' id='word_1_253' title='bbox 868 3529 959 3593; x_wconf 90' lang='lat' dir='ltr'><strong>urbis</strong></span> 
     </span>
    </p>
   </div>
   <div class='ocr_carea' id='block_1_3' title="bbox 0 0 1194 4028">
    <p class='ocr_par' dir='ltr' id='par_1_3' title="bbox 0 0 1194 4028">
     <span class='ocr_line' id='line_1_39' title="bbox 0 0 1194 4028; baseline 0 0"><span class='ocrx_word' id='word_1_254' title='bbox 0 0 1194 4028; x_wconf 95' lang='lat' dir='ltr'><strong> </strong></span> 
     </span>
    </p>
   </div>
  </div>
 </body>
</html>
