2370 4028
61 226 126 296 .v.]
431 221 539 276 mauu
556 222 590 276 11.
682 174 685 180 ⁵

167 365 265 431 Crede
288 388 353 431 non
376 366 464 430 illam
488 365 548 430 tibi
572 365 610 430 de
633 365 767 429 scelesta

164 455 263 519 Plebe
286 454 436 520 dilectam
459 476 562 538 neque
584 453 631 518 sic
652 453 794 536 fidelem,

166 542 219 608 Sic
241 543 330 608 lucro
355 563 498 607 aversam
520 542 664 626 poluisse
687 541 774 605 nasci

208 629 313 695 Matre
335 631 492 715 pudenda.
980 640 1015 689 20

164 780 320 844 Bracchia
342 783 375 844 el
396 779 521 843 voltum
545 781 726 862 teretesque
750 798 841 841 suras

126 866 131 873 ’
164 867 296 953 Integer
317 867 426 951 laud03
448 866 524 951 fuge
549 867 718 950 suspicari,

167 954 265 1022 Cuius
288 959 436 1020 octavum
459 955 633 1038 trepidavit
655 958 743 1020 selas

211 1042 363 1108 Claudere
386 1043 533 1107 lustrum.

433 1291 592 1300 *-

498 1489 530 1555 V

166 1614 319 1681 Nondum
342 1614 474 1679 subacla
496 1613 580 1678 ferre
602 1613 715 1696 iugum
738 1611 824 1676 valet

169 1703 312 1787 (lemica,
333 1702 475 1767 nondum
498 1701 609 1766 munia
633 1700 779 1784 conparis

212 1791 359 1876 Aequare
382 1812 440 1854 nec
462 1790 549 1854 lauri
571 1789 693 1853 ruentis

256 1879 295 1968 ln
317 1900 465 1944 venerem
489 1877 626 1942 tolerare
648 1876 781 1960 pondus.

171 2028 261 2094 Circa
283 2029 422 2093 'virentes
446 2030 495 2092 est
518 2027 643 2090 animus
667 2030 740 2090 tuae
1001 2043 1017 2091 5

170 2116 306 2200 Campos
328 2117 492 2198 iuvencae,
515 2136 599 2179 nunc
622 2115 729 2179 fluviis
753 2136 882 2199 gravem

214 2203 355 2269 Solantis
378 2207 517 2287 aestum,
539 2225 624 2267 nunc
647 2203 681 2267 in
704 2203 767 2267 udo

255 2291 380 2356 Ludere
403 2314 476 2357 cum
498 2291 609 2356 vitulis
633 2291 745 2356 salicto

168 2441 426 2526 Praegestiencis.
467 2440 558 2505 Tolle
582 2441 763 2524 cupidinem

168 2527 298 2594 Inmilis
320 2550 413 2593 uvae:
437 2529 500 2593 iam
523 2529 586 2594 libi
608 2529 724 2593 lividos
986 2544 1018 2594 10

212 2616 401 2702 Distinguel
425 2622 597 2681 autumnus
621 2639 763 2682 racemos

257 2704 423 2789 Purpureo
446 2705 553 2770 varios
578 2705 691 2770 colore.

169 2855 238 2921 Iam
261 2859 295 2920 le
318 2857 470 2938 sequetur
493 2852 608 2941 (currit
631 2854 716 2918 enim
738 2853 830 2918 ferox

169 2943 283 3026 Actae,
306 2946 339 3007 el
361 2942 423 3026 illi,
448 2943 532 3026 quod
554 2942 616 3006 tibi
640 2942 803 3027 demseric,

213 3031 365 3115 Adponet
388 3029 519 3118 annus),
541 3030 605 3094 iam
628 3033 778 3113 proterva
986 3044 1020 3094 15

257 3120 378 3185 Fronte
400 3122 489 3204 petel
510 3117 630 3203 Lalage
652 3118 817 3202 maritum,

169 3267 310 3352 Dilecta,
334 3272 489 3353 quantum
512 3289 577 3331 non
599 3266 720 3331 Pholoe
742 3267 856 3352 fugax,

169 3357 245 3423 Non
269 3356 408 3441 Chloris,
432 3357 505 3421 albo
529 3356 576 3421 sic
598 3377 707 3419 umero
730 3355 849 3439 nitens,

216 3445 263 3510 Vt
284 3467 365 3529 pura
387 3450 543 3510 nocturno
567 3443 691 3508 renidet

259 3533 351 3598 Luna
373 3534 454 3598 mari
479 3533 649 3598 Cnidiusve
674 3530 794 3617 GygeS‚
985 3545 1019 3593 20
