2370 4028
495 226 692 282 claumvu
946 230 1037 304 [xnu

221 370 310 454 Non,
333 371 360 435 si
383 371 533 454 trecenis,
556 374 715 454 quotquot
738 377 823 437 eunt
847 374 948 461 dies,-

219 458 344 543 Amice,
367 459 473 543 places
496 458 760 524 inlacrimabilem

263 546 402 611 Plutona
424 547 539 629 tauris,
562 547 619 630 qui
640 550 693 630 ter
712 548 865 631 amplum

310 634 477 719 Geryonen
501 634 682 718 Tityonque
705 636 795 701 tristi
855 645 861 655 ‘

221 781 400 874 conpescit
412 783 509 867 unda,
532 783 662 873 scilicet?
676 785 844 871 omnibus,

222 871 420 958 Quicumque
442 876 545 955 terrae
567 894 698 943 munere
720 874 903 947 vescimur.
1035 902 1039 911 ·

263 959 576 1045 Enaviganda‚“sive
598 981 690 1045 reges

308 1045 382 1112 Sive
404 1049 515 1132 inopes
538 1048 655 1112 erimus
678 1047 791 1113 coloni.

217 1196 352 1260 Frustra
374 1201 504 1262 cruento
526 1200 628 1262 marte
651 1197 831 1263 carebimus

165 1338 168 1345 .
217 1284 404 1368 Fraotisque
426 1285 514 1349 rauci
536 1284 687 1350 fluctibus
708 1285 867 1372 Hadriae,

262 1372 396 1437 Frustra
417 1395 475 1456 per
497 1376 667 1437 autumnos
689 1378 859 1440 nocentem

307 1459 501 1544 Corporibus
523 1464 702 1526 metuemus
725 1466 887 1529 austrum:

218 1610 379 1675 Visendus
402 1615 482 1693 ater,
505 1610 636 1675 flumine
658 1611 810 1695 languido

219 1698 356 1781 Cocytos
379 1720 487 1762 errans
510 1703 543 1763 et
564 1698 667 1762 Danai
690 1719 791 1784 genus

262 1785 384 1850 Infame
407 1787 637 1870 damnatusque
658 1787 749 1871 longi

307 1874 464 1959 Sisyphus
486 1872 635 1939 Aeolides
656 1874 783 1940 laboris.

217 2024 404 2108 Linquenda
425 2023 521 2087 tellus
544 2028 576 2088 et
600 2024 713 2088 domus
735 2029 767 2088 et
788 2024 921 2108 placens

217 2112 321 2196 onr,
344 2134 446 2195 neque
468 2111 595 2195 harum,
619 2133 697 2197 quas
720 2111 812 2197 colis,
833 2114 990 2181 arborum

262 2201 306 2264 Te
328 2204 453 2283 praeter
476 2200 594 2265 invisas
617 2222 784 2284 cupressos

304 2287 380 2352 Vlla
402 2288 530 2351 brevem
553 2288 716 2352 dominum
739 2292 899 2372 sequetur.

105 2459 140 2515 5,
217 2438 377 2502 Absumet
397 2436 489 2501 heres
513 2436 657 2502 Caecuba
679 2437 806 2522 dignior

218 2525 351 2591 Servata
373 2529 500 2590 centum
524 2526 666 2590 clavibus
688 2530 720 2590 et
743 2547 830 2591 mero

259 2615 398 2700 Tinguet
420 2615 637 2697 pavimentum
660 2614 811 2699 superbo,

303 2702 497 2766 Pontificum
519 2703 643 2786 potiore
666 2703 760 2767 cenis.

504 2950 662 2959 ——.-.-.

550 3147 620 3214 XV.

239 3273 308 3339 Iam
330 3295 431 3358 pauca
453 3277 558 3337 aratro
582 3272 693 3357 iugera
714 3273 821 3357 regiae

241 3361 342 3427 Moles
365 3361 559 3445 relinquent,
581 3361 721 3444 undique
743 3361 841 3425 latius

283 3449 425 3514 Extenta
445 3450 590 3515 visentur
611 3448 749 3514 Lucrino

329 3535 449 3621 Stagna
470 3537 555 3621 lacu,
578 3538 790 3621 platanusque
813 3537 938 3603 caelebs
