2370 4028
494 191 691 246 OABlssNVM

220 333 267 400 Vt
289 339 360 400 tuto
384 336 424 400 ab
448 335 526 400 atris
550 357 682 420 corpore
704 335 826 420 viperis

220 424 403 489 Dormirem
426 428 459 488 et
481 424 579 509 ursis,
601 429 639 489 ut
660 446 825 508 premerer
849 449 950 494 saera

264 512 434 596 Lauroque
457 513 645 596 conlataque
668 517 789 598 myrto,

310 599 386 666 Non
409 601 477 665 sine
500 601 550 666 dis
573 601 735 666 animosus
758 601 877 668 infans.

223 758 353 843 Vester,
377 757 546 844 Camenae,
568 763 674 824 vester
696 761 730 824 in
752 759 872 825 arduos

222 847 333 913 Tollor
356 846 507 932 Sabinos,
530 869 586 912 seu
609 847 691 912 mihi
712 847 871 934 frigidum

266 936 437 1000 Praeneste
461 957 517 1000 seu
540 935 642 1000 Tibur
664 937 816 1020 supinum

312 1021 375 1088 Seu
397 1023 539 1108 liquidae
561 1024 709 1108 placuere
731 1024 838 1089 Baiae.

223 1170 351 1237 Vestris
374 1172 511 1236 amioum
533 1173 678 1238 fontibus
700 1178 734 1238 et
756 1173 864 1240 ohoris

222 1259 298 1326 Non
320 1283 371 1325 me
393 1260 554 1346 Philippis
576 1284 668 1326 versa
690 1263 773 1327 aeies
796 1266 897 1343 retro,

267 1348 394 1413 Devota
414 1371 479 1414 non
503 1350 642 1415 extinxit
665 1351 771 1435 arbor,

310 1436 380 1504 Nee
404 1435 512 1502 Sioula
533 1438 705 1503 Palinurus
728 1439 821 1504 unda.

224 1583 407 1671 Vtcumque
429 1609 554 1651 meeum
576 1609 634 1652 vos
657 1587 760 1674 eritis,
782 1587 888 1654 libens

223 1673 440 1739 Insanientem
463 1676 571 1740 navita
592 1675 796 1760 Bosphorum

267 1763 444 1846 Temptabo
468 1767 500 1827 et
522 1768 651 1828 urentes
673 1763 808 1829 harenas

310 1850 432 1916 Litoris
454 1850 581 1935 Assyrii
604 1853 722 1937 viator3
759 1927 761 1930 Α

225 1999 337 2066 Visam
359 2000 533 2066 Britannos
555 2000 738 2085 hospitibus
760 2003 846 2068 feros

223 2089 269 2154 Bt
290 2089 411 2153 laetum
434 2090 551 2173 equino
574 2091 729 2174 sanguine
753 2090 951 2178 Concanum,

269 2175 382 2241 Visam
403 2176 605 2261 pharetratos
629 2177 768 2244 Gelonos

310 2265 357 2330 Bt
380 2262 566 2348 Seythioum
589 2267 762 2332 inviolatus
785 2289 912 2335 amnem

90 2478 92 2483 .
225 2413 293 2480 Vos
317 2414 483 2480 Caesarem
507 2415 621 2501 altum,
643 2416 761 2480 militia
783 2415 880 2483 simul

223 2503 338 2569 Fessas
362 2502 509 2568 cohortes
533 2505 656 2569 abdidit
679 2505 818 2589 oppidis,

268 2592 377 2656 Finire
401 2596 606 2676 quaerentem
628 2592 767 2677 labores,

312 2679 420 2746 Pierio
443 2681 594 2745 recreatis
617 2684 718 2746 antro.

225 2826 293 2894 Vos
315 2828 387 2895 lene
410 2829 580 2895 eonsilium
603 2834 635 2894 et
657 2830 740 2894 datis
763 2834 796 2894 et
818 2829 893 2895 dato

227 2916 394 3002 Gaudetis,
417 2917 527 2982 almae.
569 2915 707 3002 Scimus,
730 2922 767 2983 ut
788 2918 895 3002 inpios

269 3005 400 3071 Titanas
423 3007 658 3090 immanemque
680 3006 808 3071 turbam

311 3093 459 3159 Fulmina
482 3094 649 3159 sustulerit
672 3095 803 3179 eadueo,

227 3241 289 3319 Qui
312 3246 430 3308 terram
454 3245 601 3329 inertem,
626 3245 681 3328 qui
703 3265 790 3308 mare
813 3247 973 3328 temperat

225 3329 405 3396 Ventosum
429 3336 461 3397 et
483 3333 613 3398 umbras
635 3355 797 3419 regnaque
819 3332 941 3418 tristia,

268 3419 433 3503 Divosque
455 3421 670 3505 mortalesque
692 3425 815 3485 turmas

312 3504 452 3592 Imperio
474 3511 558 3597 regit
580 3531 664 3575 unus
687 3531 797 3593 aequo.
