2370 4028
30 194 32 198 ’
144 230 206 306 153
530 227 756 284 servarein
963 224 1088 303 prim

143 372 240 438 Cerea
262 373 451 456 suppliciter
473 373 592 454 stabat,
615 372 787 437 servilibus
809 376 848 437 ut
870 394 950 457 quae

142 460 211 526 Iam
233 462 376 545 peritura
398 460 510 525 modis.
550 459 695 526 Hecaten
717 466 811 526 vocat
833 461 946 546 altera,
967 480 1063 527 sacrm

141 549 254 613 Altera
277 548 486 632 Tisiphonen:
509 552 672 632 serpentes
695 552 792 633 atque
814 549 939 614 videres

90 654 123 703 ee
142 637 287 702 Infernas
310 659 415 702 errare
438 658 530 701 canes
552 636 725 720 lunamque
747 637 931 722 rubentem,

141 725 192 791 Ne
214 725 298 790 foret
319 724 370 789 his
393 724 499 808 testis,
521 728 597 808 post
617 746 735 810 magna
756 724 857 790 latere
880 724 1020 809 sepulcra

142 812 282 878 Mentior
304 818 337 877 at
360 813 479 896 siquid,
501 813 620 876 merdis
644 816 740 897 caput
761 813 912 897 inquiner
934 813 1006 878 albis

144 900 319 966 Servorum
344 905 439 984 atque
465 901 499 964 in
523 923 574 965 me
595 901 704 965 veniat
725 901 862 966 mictum
885 901 1086 986 aequaeuam

142 987 262 1054 †Iulius
285 992 318 1054 et
340 987 464 1073 fragilis
486 988 631 1053 Pediatia
653 989 768 1072 furque
791 988 949 1054 Vorenus.

91 1094 124 1142 40
144 1076 278 1162 Singula
300 1077 377 1160 quid
399 1097 586 1160 memorem,
609 1098 672 1161 quo
694 1080 789 1160 pacto
813 1077 938 1142 alterna
957 1075 1077 1161 loquente

142 1164 282 1230 Vmbrae
305 1187 378 1229 cum
401 1163 527 1248 Sagana
549 1165 728 1229 resonarint
750 1165 845 1231 triste
867 1169 900 1230 et
923 1169 1044 1248 acutum,

142 1252 250 1337 thue
272 1253 341 1337 lupi
363 1254 496 1317 barbam
518 1253 624 1319 variae
647 1275 720 1318 cum
743 1253 838 1318 dente
860 1253 1002 1319 colubrae

142 1340 334 1406 Abdiderint
354 1341 468 1405 furtim
490 1342 599 1425 terris,
622 1345 655 1406 et
676 1341 816 1426 imagine
840 1363 932 1408 cerea

141 1429 277 1514 Largior
299 1430 414 1494 arserit
435 1430 534 1514 ignis,
557 1433 590 1494 et
611 1433 649 1495 ut
670 1451 735 1494 non
757 1429 852 1494 testis
874 1429 992 1494 inultus

89 1534 123 1582 45
142 1517 332 1581 Horruerim
354 1539 447 1583 voces
469 1517 638 1582 Furiarum
661 1522 694 1582 et
715 1518 801 1582 facta
823 1519 966 1583 duanrm.

141 1605 226 1671 Nam
251 1605 392 1689 displosa
414 1610 508 1671 sonat
530 1610 685 1690 quantum
707 1606 828 1690 vesica,
850 1606 964 1691 pepedi

142 1694 275 1758 Diffissa
297 1698 371 1758 nate
393 1695 486 1778 ficus,
509 1698 543 1758 'at
565 1694 639 1760 illae
662 1716 787 1759 currere
809 1695 844 1759 in
867 1696 984 1760 urbem.

143 1781 292 1846 Canidiae
316 1783 438 1867 dentes,
463 1782 563 1846 altum
587 1781 730 1867 Saganae
753 1781 950 1847 caliendrum

124 1870 297 1934 *Excidere
320 1874 415 1954 atque
437 1870 553 1935 herbas
576 1875 671 1956 atque
694 1871 858 1935 incantata
877 1869 999 1936 lacertis

88 1974 121 2022 50
139 1957 277 2023 Vincula
299 1980 371 2023 cum
393 1979 510 2043 magno
533 1959 664 2042 risuque
686 1959 821 2042 iocoque
844 1958 976 2024 videres.

592 2271 698 2338 VIIII.

139 2395 230 2461 Ibam
253 2396 336 2460 forte
358 2397 411 2460 via
435 2395 545 2481 Sacra,
569 2397 653 2462 sicut
674 2419 765 2462 meus
788 2400 838 2462 est
859 2419 945 2482 mos,

138 2484 256 2551 Nescio
280 2484 357 2568 quid
379 2485 537 2550 meditans
560 2507 735 2570 nugarum,
756 2488 846 2550 totus
868 2486 903 2551 in
924 2485 999 2551 illis:

139 2572 288 2638 Accurrit
312 2573 454 2657 quidam,
476 2577 574 2638 notus
595 2573 676 2637 mihi
699 2573 827 2638 nomine
851 2577 989 2657 tantum,

139 2660 339 2745 Arreptaque
362 2682 459 2725 manu
482 2661 572 2746 ‘quid
595 2662 677 2746 agis,
700 2662 883 2728 dulcissime
905 2658 1025 2728 rerum?

104 2748 317 2833 5‘Suaviter,
349 2754 386 2814 ut
417 2771 502 2814 nunc
534 2749 608 2833 est,'
640 2749 786 2834 inquam,
818 2750 867 2815 ‘et
900 2750 990 2834 cupio
1018 2754 1087 2812 ona!

850 2859 911 2903 uae
933 2837 1000 2904 ris?

141 2924 220 2990 Cum
245 2926 473 3009 adsectaretur,
498 2925 668 3010 ‘numquid
690 2925 777 2990 vis?'
801 2860 930 3010 ooqcupo.
969 2924 1013 2991 At
1029 2917 1066 2988 lt

141 3012 249 3079 ‘Neris
271 3015 343 3078 nos'
366 3013 485 3097 inquit,
509 3013 607 3077 ‘docti
631 3014 761 3078 sumus?
801 3012 865 3079 Hic
887 3036 949 3100 ego
971 3008 1063 3099 ‘pluris

139 3100 222 3166 Hoc’
246 3102 376 3185 inquam
400 3101 492 3165 ‘mihi
515 3101 598 3165 eris?
638 3101 755 3166 Misere
779 3102 940 3170 discedere
963 3110 1085 3188 quaesti

138 3188 190 3254 Ire
212 3189 308 3253 modo
332 3191 435 3273 ocius,
458 3189 619 3254 interdum
643 3191 829 3273 consistere,
852 3191 887 3255 in
911 3210 1017 3257 aurem

88 3294 120 3342 10
138 3277 253 3341 Dicere
276 3279 383 3342 nescio
408 3277 486 3362 quid
508 3299 621 3362 puero,
645 3300 718 3342 cum
740 3279 838 3342 sudor
861 3279 902 3344 ad
924 3280 1006 3345 imos

139 3364 286 3429 Maneret
308 3365 399 3429 talos.
442 3363 481 3430 ‘0
505 3370 550 3450 te,
572 3365 707 3450 Bolane,
730 3367 852 3431 cerebri

138 3453 289 3517 Felicem'
312 3453 435 3518 aiebam
462 3454 592 3538 tacitus,
616 3477 688 3519 cum
712 3454 869 3538 quidlibet
891 3455 948 3522 ille

140 3541 297 3625 Garriret,
319 3541 421 3625 vicos,
447 3543 560 3608 urbem
581 3542 733 3607 laudaret.
774 3541 821 3607 Vt
842 3543 893 3608 illi

1029 2656 1037 2687 2
