2370 4028
53 227 123 299 [m]
420 225 591 280 umnam.

107 368 137 434 Ο
161 369 307 453 quisquis
330 369 417 433 volet
439 369 544 453 inpias
975 383 1010 432 25

154 457 272 522 Caedes
296 461 329 522 et
350 457 472 521 rabiem
495 456 608 522 tollere
632 457 778 542 oivieam,

108 545 145 611 Si
169 549 300 629 quaeret
321 544 467 610 PATER
490 544 663 610 VRBIVM

153 633 320 715 ,Subscribi
344 634 473 717 statuis,
497 634 686 698 indomitam
710 633 824 698 audeat

106 792 282 857 Refrenare
305 792 480 875 licentiam,

154 880 267 945 Clarus
289 881 495 964 postgenitis:
519 884 689 964 quatenus,
710 880 774 944 heu
797 879 901 964 nefas,
973 896 1009 944 30

107 969 274 1033 Virtutem
296 968 490 1033 ineolumem
514 968 653 1051 odimuS,

153 1055 320 1121 Sublatam
344 1079 383 1120 ex
406 1056 508 1121 oculis
531 1058 713 1140 quaerimus
737 1055 847 1120 invidi.

109 1206 193 1283 Quid
216 1207 326 1271 tristes
350 1206 580 1290 querimoniae,

153 1293 188 1359 si
211 1317 276 1359 non
299 1293 456 1378 supplicio
479 1293 572 1377 eulpa
595 1294 760 1378 reciditur3

64 1396 67 1401 '
109 1383 193 1458 Quid
214 1383 302 1467 leges
325 1383 393 1446 sine
415 1382 559 1446 moribus

153 1470 263 1535 Vanae
285 1469 478 1555 proficiunt?
502 1471 654 1553 sineque
677 1470 808 1534 fervidis

108 1619 187 1684 Pars
210 1619 334 1684 inclusa
357 1618 514 1684 caloribus

152 1706 266 1771 Mundi
288 1730 346 1772 neo
368 1707 483 1772 boreae
505 1707 680 1771 finitimum
703 1708 790 1772 latus

106 1796 311 1879 Durataeque
332 1795 407 1880 polo
430 1795 520 1860 nives

151 1883 361 1948 Mercatorem
384 1883 532 1968 abigunt,
554 1883 683 1948 horrida
706 1883 812 1948 callidi

107 2032 251 2097 Vincunt
273 2055 411 2121 aequora
432 2034 571 2117 navitae,

151 2120 305 2206 Magnum
328 2122 495 2206 pauperies
518 2121 725 2205 opprobrium
749 2123 838 2187 iubet

108 2209 242 2286 Quidvis
266 2214 298 2274 et
320 2209 423 2274 faeere
448 2214 480 2274 et
502 2210 583 2294 pati,

151 2296 355 2382 Virtutisque
377 2299 462 2362 viam
486 2298 603 2362 deseris
627 2298 751 2363 arduae.

106 2446 169 2511 Vel
191 2469 250 2511 nos
272 2448 307 2514 in
330 2446 537 2531 Capitolium,

152 2534 222 2611 Quo
246 2536 365 2601 clamor
386 2541 480 2600 vooat
502 2540 534 2601 et
556 2536 652 2599 turba
673 2537 863 2621 faventium,

105 2622 168 2687 Vel
191 2645 249 2688 nos
272 2624 307 2687 in
328 2646 415 2688 mare
438 2624 620 2708 proximum

152 2709 301 2776 Gemmas
324 2716 357 2776 et
378 2711 500 2795 lapides
523 2734 637 2776 aurum
660 2717 692 2777 et
715 2713 842 2797 inutile,

105 2859 231 2925 Summi
253 2860 419 2924 materiem
441 2861 530 2945 mali,

149 2947 332 3032 Mittamus,
355 2948 510 3012 scelerum
533 2949 664 3014 sibene
687 2950 837 3033 paenitet.

103 3036 274 3102 Eradenda
296 3037 454 3120 cupidinis

148 3124 245 3189 Prari
268 3129 344 3189 sunt
366 3124 522 3189 elementa
544 3129 576 3189 et
598 3129 725 3190 tenerae
748 3127 845 3190 nimis

101 3274 229 3339 Montes
253 3275 467 3359 asperioribus

148 3361 346 3428 Formandae
370 3362 493 3427 studiis.
534 3360 647 3426 Nescit
671 3385 751 3447 equo
775 3365 863 3430 rudis

101 3450 243 3515 Haerere
266 3451 425 3537 ingenuus
448 3473 528 3534 puer

147 3538 329 3623 Venarique
352 3539 458 3622 timet,
481 3539 590 3603 ludere
614 3539 749 3625 doctior,

53 3657 178 3697 ioum
825 3649 840 3696 6
