2370 4028
493 216 692 273 orannim
824 219 969 292 [xxvnr.
982 216 1019 272 xx

516 393 667 461 XXVIII.

197 517 293 584 Festo
318 519 395 603 quid
417 519 526 603 potius
549 519 599 583 die

240 606 386 691 Neptuni
408 607 544 672 faciam?
585 606 701 672 Prome
726 611 955 695 reconditum,

196 694 298 778 Lyde,
321 699 451 760 strenua
475 694 654 760 Caecubum

242 782 449 868 Munitaeque
473 784 587 849 adhibe
609 784 676 848 vim
699 785 895 869 sapientiae.

199 908 357 989 Inclinare
379 925 543 989 meridiem

245 1011 351 1077 Sentis
375 1035 423 1097 ac,
446 1013 547 1077 veluti
570 1017 634 1077 stet
655 1010 800 1079 volucris
827 1015 912 1099 dies,

198 1099 308 1165 Parcis
333 1101 474 1184 deripere
496 1101 611 1165 horreo

244 1187 427 1253 Cessantem
449 1188 560 1253 Bibuli
583 1188 723 1254 consulis
747 1189 947 1274 amphoram.

198 1327 268 1394 Nos
292 1330 490 1395 cantabimus
513 1330 649 1395 invicem

243 1417 430 1502 Neptunum
454 1423 486 1483 et
507 1418 626 1483 virides
647 1417 826 1483 Nereidum
851 1441 965 1502 comas3

200 1505 283 1570 Tum
307 1529 403 1571 curva
424 1508 545 1572 recines
567 1506 638 1590 lyra

245 1594 400 1659 Latonam
424 1599 456 1659 et
479 1595 589 1659 celeris
612 1593 736 1679 spicula
759 1592 931 1680 Cynthiae3

202 1732 333 1798 Summo
357 1736 508 1819 carmine,
532 1757 612 1819 quae
636 1734 759 1800 Cnidon

244 1822 480 1907 Fulgentesque
503 1827 591 1888 tenet
614 1822 768 1908 Cycladas
793 1827 825 1888 et
848 1823 973 1908 Paphon

202 1909 324 1976 Iunotis
346 1912 423 1976 visit
446 1911 601 1995 oloribus,

244 2000 390 2085 Dicetur;
413 2001 527 2064 merita
548 1999 625 2064 Nox
647 2021 774 2083 quoque
798 2000 900 2064 nenia.

512 2331 679 2398 XXVIIII.

200 2456 365 2541 Tyrrhena
387 2477 499 2542 regum
522 2457 703 2542 progenies,
726 2458 788 2522 tibi

199 2545 274 2612 Non
298 2550 370 2610 ante
392 2567 485 2609 verso
507 2546 578 2610 lene
600 2567 724 2610 merum
748 2546 826 2611 cado

246 2632 326 2697 Cum
350 2634 441 2717 flore,
464 2632 643 2718 Maecenas,
666 2655 812 2698 rosarum
836 2638 869 2699 et

288 2721 403 2786 Pressa
425 2722 489 2786 tuis
513 2722 646 2786 balanus
670 2721 793 2805 capillis

200 2861 378 2927 Iandudum
402 2863 486 2946 apud
509 2865 603 2927 mest:
627 2863 714 2945 eripe
736 2865 769 2926 te
791 2884 915 2948 morae,

199 2950 250 3016 Ne
274 2973 399 3035 semper
420 2951 519 3015 udum
542 2950 644 3015 Tibur
667 2954 699 3015 et
721 2948 857 3016 Aefulae

245 3038 375 3104 Declive
398 3039 642 3122 †contcmpleris
666 3059 777 3103 arvum
801 3042 834 3103 et

289 3126 444 3213 Telegoni
466 3128 542 3211 iuga
564 3127 748 3211 parricidae.

199 3267 412 3333 Fastidiosam
436 3269 543 3334 desere
568 3267 691 3351 copiam
714 3273 747 3332 et

200 3355 319 3421 Molem
341 3357 554 3441 propinquam
577 3356 716 3420 nubibus
741 3355 863 3442 erduic,

245 3442 366 3508 Omitte
389 3445 498 3509 mirari
520 3445 631 3509 beatae

288 3531 426 3596 Fumum
449 3537 481 3598 et
504 3555 580 3617 opes
604 3532 839 3617 strepitumque
862 3531 994 3601 Romae.
