2370 4028
88 225 150 289 126
513 220 664 277 nronou
987 222 1055 298 [nx

152 367 218 431 Vbi
239 367 317 432 haee
340 388 469 431 serenis
491 370 525 431 te
546 364 654 449 palam
674 364 919 455 laudaveram,

86 476 120 522 ro
196 454 307 520 Iussus
329 456 418 519 abire
440 454 571 518 domum
593 453 723 518 ferebar
745 454 887 521 incerto
909 458 993 543 pede

152 545 204 609 Ad
225 566 290 608 non
312 544 432 607 amicos
452 543 517 607 ben
539 541 620 606 mibi
641 545 757 625 postea
781 548 824 609 et
847 544 917 610 heu

196 632 324 696 Limina
345 631 438 715 dura,
460 630 578 714 quibus
599 629 731 695 lumbos
753 634 792 695 et
817 633 948 721 infregi
969 635 1046 699 latus

151 720 247 786 Nunc
270 719 440 805 gloriantis
461 718 638 802 quamlibet
659 716 903 787 mulierculam

196 808 334 873 Vincere
355 807 491 871 mollitie
513 828 604 870 amor
624 804 756 889 Lycisci
778 829 842 874 me
866 814 975 896 tenet3

87 915 121 961 aa
152 896 246 962 Vnde
268 896 417 979 expedire
438 917 503 960 non
525 896 700 958 amicorum
723 901 860 977 queant

196 985 313 1049 Libera
334 983 468 1048 consilia
489 1005 548 1048 nec
570 981 786 1047 contumeliae
813 1004 956 1072 graves,

154 1072 216 1138 Sed
239 1073 333 1136 ardor
354 1071 437 1136 alins
459 1076 516 1135 aut
536 1070 663 1154 puellae
683 1070 850 1137 candidae

197 1162 266 1226 Aut
287 1160 398 1225 teretis
420 1160 525 1243 pueri,
546 1159 676 1243 longam
697 1159 903 1227 renodantis
926 1185 1046 1229 comam

508 1388 668 1399 ——-—

142 1688 227 1766 Quid
248 1689 308 1752 tibi
330 1688 394 1771 vis,
415 1687 532 1751 mulier
552 1685 655 1770 nigris
678 1684 884 1770 dignissima
907 1691 1029 1758 barris?

184 1775 318 1841 Munera
339 1798 396 1840 cur
417 1775 498 1839 mihi
523 1775 639 1859 quidve
662 1772 800 1839 tabellas

141 1864 260 1949 Mittis,
282 1886 340 1928 nec
361 1864 454 1928 firmo
477 1862 585 1928 iuveni
607 1882 710 1945 neque
732 1863 825 1927 naris
853 1866 999 1933 obesae?

184 1951 331 2036 Namque
354 1951 500 2036 sagacius
522 1972 606 2014 unus
629 1949 757 2032 odoror,

107 2059 122 2106 5
141 2041 283 2124 Polypus
306 2062 346 2104 an
369 2040 476 2123 gravis
498 2037 633 2103 hirsutis
655 2037 751 2102 cubet
774 2037 897 2107 hircus
921 2044 957 2108 in
980 2043 1045 2125 alis,

187 2127 289 2205 Quam
312 2129 399 2192 canis
422 2148 506 2210 acer,
528 2125 585 2190 ubi
606 2125 705 2189 lateat
727 2146 793 2190 sus.

142 2215 205 2293 Qui
228 2216 325 2279 sudor
346 2214 440 2279 vietis
463 2218 495 2278 et
517 2235 613 2297 quam
635 2213 739 2277 malus
761 2214 920 2302 undique
943 2218 1055 2284 membr

188 2302 309 2368 Crescit
332 2302 423 2386 odor,
446 2324 518 2366 oum
539 2323 620 2385 pene
643 2300 749 2367 soluto

142 2390 336 2456 Indomitam
358 2393 509 2473 properat
530 2389 652 2454 rabiem
674 2389 800 2473 sedare,
823 2412 940 2477 neque
962 2395 1012 2460 dh

92 2498 125 2546 10
188 2479 257 2544 Iam
279 2482 387 2543 manet
409 2478 517 2542 umida
539 2482 626 2542 creta
647 2476 798 2561 colorque

144 2567 288 2634 Stercore
310 2568 436 2631 fucatus
459 2564 623 2649 crocodili,
645 2566 771 2648 iamque
795 2566 953 2636 subando

186 2656 288 2721 Teuta
310 2654 428 2720 cubilia
449 2657 595 2738 tectaque
618 2653 747 2736 rumpit.

143 2744 206 2810 Vel
228 2766 298 2808 mea
321 2764 417 2828 quam
440 2742 542 2807 saevis
566 2742 668 2827 agitat
688 2740 821 2805 fastidia
842 2746 974 2811 verbis:

187 2831 329 2897 ‘Inachia
349 2831 483 2916 langues
506 2830 612 2894 minus
634 2851 671 2894 ac
692 2851 757 2913 me3

92 2940 124 2988 15
143 2919 306 2987 Inachiam
328 2924 378 2984 ter
399 2922 492 2983 nocte
515 2922 620 3002 potes,
641 2917 722 2982 mihi
744 2938 875 3000 semper
900 2922 945 2986 ad
967 2941 1055 2987 unun

187 3008 296 3073 Mollis
319 3029 407 3092 opus.
448 3006 563 3071 Pereat
585 3006 681 3090 male,
704 3026 784 3088 quae
806 3010 841 3070 ta

142 3098 259 3163 Lesbia
281 3095 445 3180 quaerenti
468 3099 595 3158 taurum
618 3093 810 3158 monstravit
832 3094 993 3183 inertem,

188 3184 268 3250 Cum
290 3183 372 3248 mihi
395 3182 479 3248 Cous
502 3182 626 3248 adesset
648 3181 820 3266 Amyntas,

143 3274 242 3339 Cuius
263 3273 297 3336 in
320 3271 477 3337 indomito
500 3272 698 3336 constantior
718 3270 852 3355 inguine
874 3294 1016 3358 nervus,

92 3381 125 3430 20
180 3361 282 3439 Quam
305 3381 363 3424 sua
384 3359 520 3424 collibus
544 3359 638 3424 arbor
660 3358 811 3423 inhaeret.

143 3448 320 3515 Muricibus
343 3446 450 3530 Tyriis
474 3447 605 3511 iteratae
627 3446 746 3511 vellera
766 3445 859 3512 lanae

188 3536 247 3602 Cui
269 3535 543 3620 properabautur?
583 3534 657 3599 Tibi
679 3556 805 3618 nempe,
