2370 4028
492 189 689 256 CARMRWM

220 345 402 430 [Cerberus‚
426 345 571 429 quamvis
593 345 708 410 furiale
734 351 877 412 eentum

218 434 366 498 Muniant
389 455 508 518 angues
532 437 628 517 eaput
650 434 719 498 eius
745 439 853 519 atque

220 521 360 607 Spiritus
382 526 483 586 taeter
506 523 674 606 saniesque
695 528 811 588 manet

264 609 326 675 Ore
349 609 519 695 trilingui]

221 769 306 845 Quin
329 773 361 833 et
383 767 477 833 Ixion
500 768 675 852 Tityosque
698 769 791 834 voltu

221 858 307 921 Risit
329 858 444 942 invito,
467 858 559 922 stetit
581 879 662 920 urna
683 857 820 941 paulum

222 944 325 1029 Sicca,
349 946 424 1009 dum
447 949 539 1030 grato
562 945 667 1010 Danai
688 946 815 1029 puellas

266 1033 412 1098 Carmine
434 1033 564 1098 mulces

221 1183 342 1248 Audiat
364 1183 452 1266 Lyde
475 1183 578 1249 soelus
602 1187 697 1267 atque
720 1187 814 1249 notas

222 1272 394 1357 Virginum
415 1294 534 1355 poenas
558 1276 590 1336 et
613 1273 706 1336 inane
727 1271 884 1357 lymphae

221 1361 353 1425 Dolium
375 1360 474 1424 fimdo
496 1360 660 1444 pereuntis
683 1361 748 1424 imo

267 1447 406 1532 Seraque
428 1449 506 1532 fata,

223 1598 310 1674 Quae
332 1602 463 1663 manent
486 1597 595 1681 culpas
618 1599 715 1663 etiam
737 1598 798 1662 sub
823 1596 916 1664 Oreo.

222 1684 345 1771 Inpiae,
369 1686 458 1772 (nam
481 1686 558 1770 quid
580 1690 712 1770 potuere
734 1686 877 1774 maiust)

222 1772 332 1858 Inpiae
354 1796 489 1858 sponsos
511 1778 643 1858 potuere
667 1775 745 1838 duro

265 1862 401 1927 Perdere
424 1863 517 1927 ferro.

222 2012 295 2077 Vna
317 2014 355 2078 de
377 2012 489 2077 multis
512 2013 580 2076 face
603 2010 740 2095 nuptiali

221 2101 329 2185 Digna
350 2102 514 2185 periurum
536 2101 599 2164 fuit
622 2101 656 2164 in
677 2103 843 2183 parentem
865 2110 871 2119 '

223 2188 393 2272 Splendida
415 2189 553 2253 mendax
575 2193 607 2253 et
629 2189 663 2252 in
687 2209 780 2253 omne
803 2189 897 2276 virgo

265 2277 393 2343 Nobilis
417 2299 542 2361 aevum,

223 2426 349 2512 ‘Surge’
373 2449 453 2511 quae
476 2427 559 2491 dixit
580 2426 688 2491 iuveni
710 2426 857 2510 marito,.

223 2515 351 2601 ‘Sarga
373 2538 413 2580 ne
435 2515 552 2600 longus
575 2515 635 2579 tibi
658 2535 802 2598 somnus,
825 2515 911 2580 unde

221 2603 297 2671 Non
319 2605 428 2687 times,
451 2604 556 2688 detur3
579 2624 724 2668 socerum
748 2606 780 2667 et
802 2603 954 2669 seelestas

266 2692 355 2757 Falla
377 2693 533 2775 †sorores,

223 2840 322 2926 Quae,
345 2840 434 2905 velut
455 2844 566 2905 nactae
588 2841 707 2905 vitulos
730 2839 872 2925 leaenae,

222 2928 393 3014 †Singulos
416 2927 496 2993 eheu
519 2928 672 2994 lacerant:
695 2949 755 3013 ego
779 2928 845 2993 illis

195 3055 197 3058 ·
222 3016 352 3083 Mollior
374 3039 433 3082 neo
455 3019 488 3081 to
510 3017 623 3081 feriam
645 3038 747 3100 neque
771 3017 858 3081 intra

268 3105 414 3171 Claustra
436 3105 560 3169 tenebo.

223 3254 275 3320 Me
297 3259 388 3340 pater
411 3256 513 3321 saevis
537 3259 646 3320 oneret
669 3256 789 3320 eatenis

224 3343 316 3419 Quod
337 3344 407 3409 viro
430 3344 568 3409 clemens
591 3344 708 3408 misero
731 3344 873 3428 peperci3

223 3431 276 3495 Me
298 3430 350 3495 vel
372 3436 531 3498 extremos
553 3431 767 3497 Numidarum
790 3431 825 3496 in
848 3453 946 3518 agros

268 3518 376 3584 Classe
398 3519 526 3605 releget.
