2370 4028
490 195 686 253 CARMINVM

247 337 422 423 Vitamque
445 340 504 404 sub
528 339 601 404 divo
624 344 658 405 et
679 341 816 425 trepidis
841 348 920 430 agat

246 425 285 492 In
307 427 412 492 rebus.
452 425 549 492 Illum
571 450 612 492 ex
633 429 803 495 moenibus
825 430 963 498 hosticis

291 515 439 580 Matrona
460 515 611 580 bellantis
633 519 764 600 tyranni

334 603 537 688 Prospiciens
560 609 593 669 et
616 604 724 670 adulta
744 607 841 693 virgo

249 752 408 837 Suspiret:
431 752 537 838 ‘eheu,
559 775 599 818 ne
621 754 710 833 rudis
733 755 904 839 agminum

249 840 392 925 Sponsus
414 841 550 907 lacessat
571 843 680 927 regius
701 864 854 927 asperum

291 930 392 995 Tactu
414 930 553 1014 leonem,
577 952 671 1014 quem
694 935 827 996 cruenta

334 1018 397 1084 Per
418 1018 539 1083 medias
562 1018 648 1103 rapit
670 1018 718 1084 ira
741 1019 877 1085 caedes?

247 1165 349 1232 Dulce
371 1168 404 1231 et
427 1167 609 1232 decorumst
630 1189 689 1253 pro
711 1169 817 1252 patria
838 1171 934 1235 mori.

246 1254 335 1320 Mors
358 1259 391 1319 et
412 1255 560 1340 fugacem
582 1257 786 1340 persequitur
808 1256 932 1343 virum,

291 1342 361 1408 Neo
382 1345 486 1427 parcit
508 1343 635 1409 inbellis
659 1345 806 1409 iuventae

334 1431 517 1516 Poplitibus
540 1433 717 1517 timidoque
738 1436 841 1518 tergo.

248 1579 375 1666 Virtus,
397 1582 543 1665 repulsae
566 1581 673 1646 nescia
695 1582 856 1670 sordidae,

247 1667 451 1735 lntaminatis
473 1668 577 1755 fulget
598 1669 787 1750 honoribus,

291 1757 360 1824 Nec
382 1758 482 1822 sumit
504 1762 560 1822 aut
580 1759 674 1842 ponit
696 1780 822 1824 secures

335 1844 480 1910 Arbitrio
502 1846 667 1930 popularis
689 1869 792 1912 aurae.

154 2058 158 2066 ,
247 1993 375 2079 Virtus,
397 1993 563 2060 recludens
586 1995 745 2060 inmeritis
766 1996 851 2061 mori

249 2081 391 2161 Caelum,
414 2086 530 2168 negata
553 2086 690 2167 temptat
712 2084 774 2148 iter
795 2083 861 2168 via,

295 2169 474 2255 Coetusque
496 2172 643 2256 volgares
666 2176 699 2236 et
720 2172 816 2237 udam

337 2257 466 2343 Spernit
487 2258 621 2324 humum
643 2259 787 2345 fugiente
808 2259 920 2343 pinna

247 2407 309 2473 Est
331 2413 364 2474 et
384 2407 473 2473 fideli
495 2413 566 2474 tuta
588 2408 717 2473 silentio

247 2495 382 2562 Merces:
404 2498 534 2582 vetabo,
557 2497 613 2581 qui
636 2495 760 2561 Cereris
783 2517 911 2561 sacrum
968 2498 971 2503 ’

291 2584 442 2671 Volgarit
464 2607 609 2664 arcanae,
633 2585 692 2649 sub
716 2585 816 2649 isdem

337 2672 387 2739 Sit
409 2673 553 2738 trabibus
575 2673 786 2758 fragilemque
808 2692 937 2737 mecum

249 2820 360 2887 Solvet
381 2822 548 2907 phaselon,
571 2844 665 2906 saepe
686 2821 850 2906 Diespiter

247 2909 422 2995 Neglectus
445 2910 566 2974 incesto
590 2910 712 2975 addidit
733 2910 912 2996 integrum,

291 2998 376 3063 Raro
401 2998 637 3063 antecedentem
661 2998 829 3064 scelestum

335 3085 486 3151 Deseruit
507 3087 587 3171 pede
609 3088 717 3153 Poena
739 3086 860 3152 claudo.

511 3335 670 3349 ——-
