2370 4028
311 201 360 256 DE
378 202 512 257 METRIS
530 201 760 260 HORATIANIS.
955 202 1042 258 XLIX

73 349 145 425 iam,
181 368 272 425 quam
303 353 372 426 post
393 351 496 409 XVllI
527 351 618 410 ferme
650 353 769 411 saecula
800 352 1042 430 redintegramnt

73 437 197 496 rinelrius
217 441 248 496 et
260 437 476 498 Lachmannus.
498 438 578 497 Nam
593 458 647 498 nec
661 439 742 516 apud
757 439 893 499 Caesium
906 440 1041 515 Bessum,

73 526 189 601 qualem
218 526 359 603 Neronis,
396 527 434 585 ad
470 546 560 602 quem
595 526 677 586 dedit
712 528 822 586 librum
859 528 894 586 de
928 528 1040 602 metria,

73 613 161 673 ilioris
185 613 337 674 doctrinae
360 617 486 690 apparet
508 615 676 693 vestigium.

120 701 166 760 De
189 703 361 762 auctoribus
383 706 555 778 metrorum,
579 721 653 779 quos
676 703 708 761 in
730 703 864 762 iambicis
888 707 919 763 et
940 703 1040 779 lyricis

73 789 170 848 hibuit
187 790 344 866 Horatius,
372 790 445 866 ipse
461 791 630 867 plenissime
653 791 775 867 exponit
796 791 828 849 in
851 792 980 868 epistula
1003 792 1041 850 ad

73 880 233 937 recenatem
258 875 294 954 [1‚
310 881 360 954 19,
376 876 500 955 23sq.]:

456 1001 554 1056 Parios
574 1018 626 1071 ego
645 1001 751 1071 primus
769 1001 879 1056 iambos

120 1070 232 1124 ostendi
250 1070 340 1139 Latio,
359 1088 488 1125 numeros
508 1071 671 1140 animosque
690 1075 801 1126 secutus

119 1140 289 1210 Archilochi,
308 1157 365 1194 non
382 1157 427 1195 res
446 1145 475 1196 et
493 1142 609 1210 agentia
626 1143 713 1196 verba
731 1142 891 1210 Lycamben

120 1228 154 1264 ae
172 1227 207 1265 ne
225 1227 270 1265 me
288 1211 365 1265 foliis
383 1211 448 1266 ideo
467 1212 642 1266 brevioribus
662 1229 751 1280 ornes,

120 1282 196 1350 quod
214 1281 298 1335 timui
315 1284 424 1336 mutare
442 1283 541 1336 modos
560 1285 589 1337 et
607 1282 738 1336 carminis
757 1285 860 1338 artem:

119 1354 261 1421 temperat
277 1351 440 1406 Archilochi
457 1353 568 1406 Musam
585 1354 657 1421 pede
674 1353 801 1413 mascula
820 1353 941 1423 Sappho,

119 1425 260 1492 temperat
277 1421 405 1491 Alcaeus,
425 1424 475 1477 sed
492 1424 576 1477 rebus
595 1425 625 1477 et
642 1423 740 1477 ordine
760 1422 863 1493 dispar,

118 1510 172 1548 nee
190 1509 316 1547 socerum
333 1493 452 1561 quaerit,
472 1510 554 1560 quem
572 1493 699 1547 versibus
719 1493 829 1547 oblinat
847 1493 924 1561 atris,

118 1580 171 1618 nec
189 1579 308 1632 sponsae
325 1562 459 1631 laqueum
476 1563 583 1617 famoso
602 1563 724 1618 carmine
742 1564 839 1618 nectit.

119 1635 194 1687 hunc
212 1649 264 1703 ego
282 1650 339 1687 non
357 1633 414 1688 alio
433 1633 540 1688 dietum
557 1633 635 1703 prius
654 1651 701 1688 ore
719 1634 836 1688 Latinus

119 1703 234 1773 volgavi
251 1703 361 1758 fidicen.

82 1845 130 1903 his
150 1842 230 1919 quod
248 1843 321 1902 dicit
337 1842 409 1903 Hor.
430 1843 560 1903 noluisse
578 1861 609 1903 se
627 1847 744 1903 mutare
761 1843 864 1902 modos
883 1845 1037 1918 artemque

73 1931 201 1991 chilochi
219 1930 365 2006 caminia,
383 1950 443 1991 non
460 1932 568 2008 respici
583 1931 694 2008 pedum
706 1931 829 1990 liberius
843 1930 1038 1990 admissorum

73 2020 235 2079 rersitatem
264 2021 318 2077 aut
350 2019 411 2077 alia
440 2019 570 2095 minuta,
602 2019 654 2078 sed
682 2023 822 2078 naturam
850 2022 879 2077 et
907 2017 1038 2078 indolem

73 2127 172 2168 suum
195 2107 384 2183 epodicorum
406 2107 444 2165 ad
466 2107 636 2167 Archilochi
662 2108 829 2183 exemplum
850 2105 984 2164 iambicis
1007 2109 1038 2165 et

73 2195 186 2272 stylieis
227 2194 447 2253 decurrentium
487 2196 617 2255 numeris
654 2195 889 2254 demonstratum
925 2197 971 2252 est
1005 2194 1037 2252 in

73 2285 160 2344 ,tione
182 2281 412 2342 Vindobouensi
441 2314 484 2324 -
512 2282 651 2342 (letarum
675 2283 750 2342 bene
777 2285 895 2343 constat
916 2281 1037 2340 aliunde

73 2391 110 2444 :es
133 2370 265 2447 poeticas
288 2373 319 2429 et
341 2371 401 2429 alia
421 2371 510 2430 huius
527 2371 609 2431 modi
627 2372 840 2447 exemplarium
858 2368 1037 2428 Graecorum

73 2461 102 2518 is
131 2459 245 2518 curiose
273 2458 429 2518 observata
452 2459 490 2518 ab
512 2458 652 2534 Horatio,
679 2459 723 2518 ita
744 2462 846 2517 tamen
868 2459 904 2515 ut
925 2457 1037 2533 ubique

73 2547 173 2606 monis
182 2546 284 2604 Latini
297 2545 465 2622 indolisque
474 2547 625 2606 Romanae
638 2546 816 2623 proprietati
824 2544 1037 2605 consuleretur.

73 2637 134 2695 laos
161 2637 263 2693 autem
289 2634 392 2709 brisso,
421 2636 474 2710 qui
500 2655 596 2711 nuper
622 2636 794 2694 statuerunt
819 2632 979 2693 Horatium
1006 2634 1039 2690 in

73 2722 242 2782 rformanda
282 2721 511 2798 adaptandaque
549 2722 744 2799 popularibus
782 2720 905 2779 metrica
940 2739 1037 2799 gram-

73 2813 209 2870 .ticorum
235 2809 336 2886 potius
364 2811 536 2885 aequalium
559 2830 650 2887 quam
671 2809 793 2886 propria
815 2811 952 2868 secutum
974 2809 1037 2885 pla·

73 2918 91 2959 a
114 2916 295 2973 suarumque
322 2897 467 2956 iudicium
493 2899 612 2958 aurium
633 2899 665 2956 in
693 2897 823 2957 editione
848 2897 962 2957 maiore
989 2896 1037 2955 de·

73 2986 253 3046 lustrabitur.

118 3074 277 3132 Praeterea
308 3071 389 3148 quod
415 3072 600 3148 paenultimo
627 3091 716 3132 versu
742 3072 854 3150 legitur
879 3071 969 3140 bono,
1000 3070 1039 3129 ad

73 3181 184 3237 cneum,
206 3181 265 3221 non
288 3159 326 3219 ad
344 3160 555 3220 Archilochum
576 3161 726 3237 pertinere
747 3160 899 3219 verissime
920 3159 1039 3218 monuit

73 3250 193 3309 ntleius.
251 3249 296 3307 At
330 3248 366 3307 ab
408 3249 511 3308 eodem
546 3268 606 3308 non
640 3248 715 3307 bene
752 3248 931 3324 explicatum
961 3246 1038 3305 illud

73 3343 171 3412 operat
199 3357 254 3413 per
283 3338 393 3404 meoet,
427 3337 514 3412 quasi
545 3335 656 3395 diceret
682 3335 826 3396 Horatius
855 3334 975 3411 Sappho
1008 3338 1039 3394 et

73 3445 175 3486 eaeum
192 3424 315 3501 propria
327 3423 520 3484 Aeolensium
536 3427 633 3483 metra
645 3423 798 3484 miscuisse
811 3423 920 3483 Ionicis
933 3422 1037 3481 Archi·

73 3514 117 3573 rhi.
162 3514 241 3572 Nam
262 3513 318 3572 hoe
340 3513 441 3590 potius
465 3513 627 3589 indicatur,
651 3512 789 3589 Sapphus
813 3515 843 3571 et
865 3511 969 3570 Alcaei
990 3528 1037 3569 ra·

81 3621 217 3662 Borrama.
859 3608 877 3660 d
